3117 4229
940 413 2099 146 que el con los ꝺe mas que le ayudauan : fue vn harto

933 505 2108 152 notable:que fue ala pꝛouincia ꝺe Cuzcatan ꝺonde ago

935 608 2106 132 ra / o cerca ꝺ̉ alli: es la villa ꝺ̉ ſant Saluadoꝛ/que es vna

933 695 2108 148 tierra feliciſſima con toda la coſta ꝺelamar ꝺel ſur/que

935 796 2106 143 ꝺura quarenta y cincuẽta leguas:y enla ciudad ꝺ̉ Cuz

937 892 2107 137 catan que era la cabeça ꝺela pꝛouincia/le hizierõ gran

937 986 2107 144 diſſimo reſcebimiento ⁊ ſobꝛe veynte/o treynta mil yn

940 1080 2108 139 dios le eſtauan eſperando cargados ꝺe gallinas ⁊ comi

944 1172 2104 143 da. Llegaclo y reſcebido el pꝛeſente : mando que cada

942 1271 2111 145 eſpañol tomaſſe ꝺe aquel gran numero ꝺe gente: todos

947 1365 2108 143 los yndios que quiſieſſe para los ꝺias que alli eſtuuieſ

949 1461 2106 143 ſen ſeruirſe ꝺellos ⁊ que tuuieſſen cargo ꝺe traer les lo

949 1562 2104 141 que ouieſſen meneſter. Cada vno tomo ciento/o cincu

949 1661 2109 133 enta/o los que le pareſcia que baſtauan para ſer muy bi

952 1747 2110 137 en ſeruido : y los ynnocentes coꝛderos ſufrieron la ꝺi⸗

959 1841 2103 141 uiſion/⁊ ſeruian con todas ſus fuerças que no faltaua

963 1938 2104 148 ſino adoꝛallos. Entre tanto eſte capitan pidio alos ſe⸗

963 2034 2106 141 ñoꝛes que le truxeſſẽ mucho oꝛo: poꝛque a aquello pꝛi n

963 2126 2109 141 cipalmente venian. Los yndios reſponden:que les pla

968 2227 2104 141 ze ꝺarles todo el oꝛo que tienen /⁊ ayuntan muy gran

966 2321 2101 134 cantidad ꝺe hachas ꝺe cobꝛe (que tienen con que ſe ſir

968 2415 2109 143 uen) ꝺoꝛado que parece oꝛo poꝛque tiene alguno. Mã

973 2511 2104 136 dales poner el toque y ꝺeſque yido que erã cobꝛe: ꝺixo

975 2605 2106 139 alos eſpañoles ꝺad al ꝺiablo tal tierra vamonos pues

977 2699 2109 146 que no ay oꝛo : ⁊ cada vno los yndios que tiene que le

977 2795 2109 137 ſiruen echelos en cadena ⁊ mandare herrarſelos poꝛ eſ

977 2894 2104 139 clauos. Hazenlo aſſi ⁊ hierran los con el hierro ꝺ̉l rey

982 2990 2106 146 poꝛ eſclauos a todos los que pudieron atar :⁊ yo vide

984 3087 2107 138 el fijo ꝺ̉lſeñoꝛ p̉ncipal ꝺ̉ aq̃lla ciudad herrado. Viſta poꝛ

991 3178 2097 141 los yndios que ſe ſoltaron y los ꝺe mas ꝺe toda la tier

989 3277 2106 129 ra tan gran maldad : comiençan a juntarſe ⁊ a ponerſe

991 3371 2104 134 en armas. Los eſpañoles hazen enellos granles eſtra

1010 3477 2083 134 gos y matanças:⁊ toꝛnan ſe a Guatimala: ꝺonde edifi

994 3564 2090 176 caron vna ciudad la que agoꝛa cõ juſto juyzio: cõ tres
