3029 4229
37 413 2101 122 zen. Y lo que mas eſpantable es/que alos que ꝺe hecho

37 507 2091 122 obedecen: ponen en aſperrima ſeruidumbꝛe : ꝺõde con

39 606 2097 110 yncreybles trabajos ⁊ toꝛmentos mas largos y que ꝺu

32 700 2108 122 ran mas que los/que les ꝺan metiendo los a eſpada :al

35 794 2084 124 cabo cabo perecen ellos ⁊ ſus mugeres y hijos ⁊ toda

35 899 2086 115 ſu generacion. E ya que con los ꝺichos temoꝛes y ame

35 982 2084 131 nazas aquellas gentes/o otras qualeſquiera enel mun

35 1094 2112 104 do vengan a obedecer ⁊ reconoſcer el ſeñoꝛio ꝺe rey eſ⸗

32 1177 2106 112 traño : no veen los ciegos ⁊ turbados ꝺe ambicion ⁊

32 1268 2108 132 ꝺiabolica cudicia que no poꝛeſſo adquierẽ vna punta

30 1367 2091 124 ꝺe ꝺerecho: como verdaderamente ſean temoꝛes y mie

30 1459 2087 131 dos aquellos cadentes in conſtantiſſimos viros que ꝺ̉

32 1555 2078 124 ꝺerecho natural ⁊ humano y ꝺiuino es todo ayꝛe quã⸗

32 1649 2080 122 to ſe haze para que valga: ſino es el Reatu ⁊ obligaciõ

42 1745 2079 129 que les queda alos fuegos infernales:⁊ aun alas offen

35 1841 2082 134 ſas y ꝺaños que hazen alos Reyes ꝺe caſtilla / ꝺeſtru⸗

42 1935 2079 132 yendo le aquellos ſus reynos ⁊ anichilandole (en quã

35 2032 2089 127 to enellos es todo el ꝺerecho que tienẽ a todas las yn

37 2128 2087 129 dias : y eſtos ſon ⁊ no otros los ſeruicios que los eſpa

35 2222 2084 134 ñoles han hecho alos ꝺichos ſeñoꝛes reyes en aquellas

51 2323 853 106 tierras/⁊ oy hazen.

54 2504 2074 127 ¶Lon eſte tan juſto y apꝛonado titulo / embio aqueſ

39 2607 2089 108 te capitã tirano otros ꝺos tiranos capitanes muy mas

37 2694 2094 122 crueles ⁊ ferozes / peoꝛes ⁊ ꝺe menos piedad ⁊ miſe⸗

39 2795 2094 118 ricoꝛdia que el:alos grandes y floꝛentiſſimos ⁊ feliciſ

37 2889 2094 127 ſimos reynos ꝺe gentes pleniſſimamente llenos ⁊ po⸗

39 2986 2094 124 blados (conuiene a ſaber) el reyno ꝺe Guatimala que

39 3082 2094 117 eſta ala mar ꝺel ſur y el otro ꝺe Paco y Honduras/ o

37 3181 2096 119 Guaymura: que eſta ala mar ꝺel noꝛte: frontero el vno

37 3272 2096 120 ꝺel otro/ ⁊ que confinauan ⁊ partian terminos ambos

44 3366 2110 125 a ꝺos trezientas leguas ꝺe Mexico. El vno ꝺeſpacho

42 3458 2094 134 poꝛ la tierra/y el otro en nauios poꝛ la mar con mucha

56 3559 1483 183 gente ꝺe cauallo y ꝺe piecada vno.

1654 3646 254 167 c iiii
