<alto xmlns:xsi="http://www.w3.org/2001/XMLSchema-instance" xmlns="http://www.loc.gov/standards/alto/ns-v4#" xsi:schemaLocation="http://www.loc.gov/standards/alto/ns-v4# http://www.loc.gov/standards/alto/v4/alto-4-2.xsd">
  <Description>
    <MeasurementUnit>pixel</MeasurementUnit>
    <sourceImageInformation>
      <fileName>text_voKcbLJ.pdf_page_9.png</fileName>
      
    </sourceImageInformation>
  </Description>
  
  <Tags>
    <OtherTag ID="BT10" LABEL="TitlePageZone" DESCRIPTION="block type TitlePageZone"/><OtherTag ID="BT8" LABEL="RunningTitleZone" DESCRIPTION="block type RunningTitleZone"/><OtherTag ID="BT7" LABEL="QuireMarksZone" DESCRIPTION="block type QuireMarksZone"/><OtherTag ID="BT6" LABEL="DropCapitalZone" DESCRIPTION="block type DropCapitalZone"/><OtherTag ID="BT5" LABEL="MainZone" DESCRIPTION="block type MainZone"/>
    <OtherTag ID="LT5" LABEL="DefaultLine" DESCRIPTION="line type DefaultLine"/>
  </Tags>
  
  <Layout>
    <Page WIDTH="3117" HEIGHT="4229" PHYSICAL_IMG_NR="8" ID="eSc_dummypage_">
      <PrintSpace HPOS="0" VPOS="0" WIDTH="3117" HEIGHT="4229">
        
        <TextBlock HPOS="921" VPOS="413" WIDTH="2193" HEIGHT="3323" ID="eSc_textblock_24254b61">
          <Shape><Polygon POINTS="2975 413 3060 451 3060 1115 3059 1183 3072 1233 3075 1284 3079 1296 3114 3681 1577 3719 1191 3725 1050 3736 977 3681 959 1184 921 488 949 451 1878 413"/></Shape>
          
          
          <TextLine ID="eSc_line_47ebe8b9" BASELINE="940 542 2092 505 3041 491" HPOS="937" VPOS="413" WIDTH="2104" HEIGHT="164">
            <Shape><Polygon POINTS="3004 427 2980 415 2957 413 2933 413 2910 413 2886 413 2863 413 2839 413 2816 413 2792 413 2769 413 2745 413 2724 413 2717 420 2461 425 2430 413 2416 413 2411 413 2390 422 2291 413 2275 413 2256 413 2226 432 2223 434 2136 434 2134 434 2054 415 2052 415 1859 420 1857 420 1854 420 1840 432 1737 425 1734 425 1732 425 1706 436 1586 427 1584 427 1459 451 1417 434 1415 434 1335 434 1323 434 1321 434 1318 434 1316 434 1297 448 1231 436 1217 436 1194 458 1121 460 1053 444 1053 446 1029 446 1008 446 937 465 940 542 940 577 1034 563 1513 563 1676 563 1676 561 1911 549 2233 533 2266 538 2310 545 2313 545 2315 545 2338 535 2353 530 2484 530 2785 533 2787 533 2790 533 2816 521 2818 519 2839 519 2966 528 2968 528 3041 512 3041 491 3011 429 3004 427"/></Shape>
	    <String CONTENT="gos y matanças que alli hizieron. Deſpues ꝺeſtruyen" HPOS="937" VPOS="413" WIDTH="2104" HEIGHT="164"/>
          </TextLine>

          
          
          <TextLine ID="eSc_line_a94d56b6" BASELINE="944 636 2136 599 3053 587" HPOS="940" VPOS="502" WIDTH="2113" HEIGHT="165">
            <Shape><Polygon POINTS="944 636 944 667 1043 653 1553 643 1586 653 1596 655 1598 655 1600 655 1629 650 1706 639 1741 648 1751 650 1753 650 1755 650 1875 648 1878 648 1880 648 1885 643 1906 634 2129 636 2259 639 2261 639 2294 632 2338 624 2407 629 2468 634 2470 634 3051 610 3053 587 3046 502 2943 519 2590 516 2566 516 2564 516 2555 516 2456 530 2397 521 2376 519 2374 519 2371 519 2355 523 2324 533 2070 533 1812 533 1810 533 1727 542 1664 549 1610 547 1520 540 1518 540 1516 540 1487 549 1473 554 1431 552 1325 545 1323 545 1321 545 1297 556 1290 561 940 566 944 636"/></Shape>
	    <String CONTENT="poꝛ la meſma manera la pꝛouincia ꝺ̉  Zututepeque y ꝺ̉ſ" HPOS="940" VPOS="502" WIDTH="2113" HEIGHT="165"/>
          </TextLine>

          
          
          <TextLine ID="eSc_line_ca7c7720" BASELINE="954 735 2169 695 3048 683" HPOS="949" VPOS="599" WIDTH="2099" HEIGHT="162">
            <Shape><Polygon POINTS="954 735 954 761 1495 742 1518 747 1546 754 1549 754 1551 754 1553 754 1572 744 1584 740 1680 742 1845 747 1847 747 1939 735 1972 730 2082 730 2477 730 2479 730 2482 730 2508 716 2510 716 2522 716 2642 725 2644 725 2745 709 2750 709 2766 721 2769 721 2771 721 2773 721 2844 709 3015 716 3018 716 3020 716 3048 700 3048 683 3041 610 2900 613 2898 613 2863 599 2860 599 2858 599 2856 599 2820 615 2818 615 2802 615 2606 608 2604 608 2432 624 2428 624 2388 610 2385 610 2383 610 2381 610 2338 627 2338 629 2066 634 2061 634 1941 622 1939 622 1772 627 1770 627 1711 643 1708 643 1704 643 1579 632 1577 632 1574 632 1572 632 1546 648 1544 648 1490 634 1487 634 1485 634 949 662 954 735"/></Shape>
	    <String CONTENT="pues la pꝛouincia ꝺe Ipilcingo/y ꝺeſpues la ꝺe Coli⸗" HPOS="949" VPOS="599" WIDTH="2099" HEIGHT="162"/>
          </TextLine>

          
          
          <TextLine ID="eSc_line_df4848c6" BASELINE="961 827 2303 787 3055 782" HPOS="959" VPOS="697" WIDTH="2096" HEIGHT="160">
            <Shape><Polygon POINTS="961 827 961 848 1191 857 1194 857 1546 836 1549 836 1713 845 1715 845 1718 845 1755 831 1913 841 1915 841 2030 824 2033 824 2125 836 2127 836 2259 819 2291 831 2294 831 2296 831 2465 815 2484 827 2487 827 2489 827 2491 827 2710 822 2712 822 2715 822 2736 808 3001 815 3004 815 3006 815 3055 798 3055 782 3048 707 2846 697 2844 697 2766 711 2550 707 2548 707 2545 707 2515 718 2512 718 2505 718 2392 711 2390 711 2132 728 2120 728 2106 728 1640 725 1638 725 1558 740 1445 730 1443 730 1187 737 1184 737 1142 751 1057 740 1055 740 959 756 961 827"/></Shape>
	    <String CONTENT="ma: que cada vna es mas tierra que el reyno ꝺe Leon" HPOS="959" VPOS="697" WIDTH="2096" HEIGHT="160"/>
          </TextLine>

          
          
          <TextLine ID="eSc_line_83c4f2f2" BASELINE="973 925 2179 885 3051 876" HPOS="970" VPOS="801" WIDTH="2081" HEIGHT="152">
            <Shape><Polygon POINTS="973 939 1095 953 1097 953 1100 953 1156 937 1161 937 1191 937 1483 944 1485 944 1652 930 1701 925 1720 928 1777 937 1779 937 1831 925 1859 918 2172 911 2230 918 2263 923 2266 923 2268 923 2282 918 2310 909 2334 918 2350 923 2353 923 2355 923 2691 913 2693 913 2700 911 2729 899 2769 911 2773 911 2776 911 2778 911 2780 911 2787 909 2839 897 2860 909 2863 909 2865 909 2867 909 3051 904 3051 876 3046 803 2573 801 2571 801 2505 815 2489 803 2487 803 2484 803 2482 803 2348 819 2338 819 2334 819 2261 805 2259 805 2146 824 2141 824 2136 824 2078 812 2075 812 2073 812 2021 827 2016 827 1800 817 1798 817 1243 831 1241 831 1175 848 1172 848 1086 836 1083 836 1081 836 1078 836 1060 852 1055 855 970 855 973 925 973 939"/></Shape>
	    <String CONTENT="y que el ꝺe Caſtilla. Contar los eſtragos y muertes/ y" HPOS="970" VPOS="801" WIDTH="2081" HEIGHT="152"/>
          </TextLine>

          
          
          <TextLine ID="eSc_line_d7044c53" BASELINE="963 1017 2047 984 3055 967" HPOS="959" VPOS="892" WIDTH="2096" HEIGHT="155">
            <Shape><Polygon POINTS="963 1017 963 1036 1104 1047 1107 1047 1175 1033 1180 1033 1191 1033 1412 1040 1415 1040 1527 1026 1556 1024 1563 1026 1589 1036 1591 1036 1593 1036 1596 1036 1640 1024 1657 1022 1798 1022 2136 1024 2139 1024 2193 1014 2211 1012 2280 1012 2437 1017 2440 1017 2442 1017 2465 1010 2489 1003 2512 1010 2534 1014 2536 1014 2538 1014 2621 1007 2738 996 2764 1005 2773 1007 2776 1007 2778 1007 3055 998 3055 967 3051 899 2747 904 2731 904 2642 892 2639 892 2637 892 2635 892 2621 904 2616 909 2599 906 2548 895 2545 895 2494 906 2475 911 2465 906 2444 897 2442 897 2440 897 2437 897 2416 909 2404 916 2223 916 2214 911 2197 904 2195 904 2193 904 2190 904 2160 911 2129 920 2030 913 1941 909 1939 909 1835 918 1715 928 1694 920 1683 916 1680 916 1678 916 1676 916 1666 920 1640 932 1607 920 1598 918 1596 918 1593 918 1574 920 1525 932 1502 923 1497 920 1495 920 1492 920 1349 923 1332 925 1248 942 1163 928 1154 928 1151 928 1149 928 1147 928 1125 946 1053 946 959 932 963 1017"/></Shape>
	    <String CONTENT="crueldades que en cada vna hizieron: ſeria ſin ꝺuda co" HPOS="959" VPOS="892" WIDTH="2096" HEIGHT="155"/>
          </TextLine>

          
          
          <TextLine ID="eSc_line_2bf64332" BASELINE="968 1108 2143 1078 3055 1066" HPOS="966" VPOS="989" WIDTH="2089" HEIGHT="152">
            <Shape><Polygon POINTS="968 1108 968 1141 1078 1132 1245 1139 1264 1139 1267 1139 1269 1139 1271 1139 1302 1127 1687 1130 1737 1130 1739 1130 1741 1130 1744 1130 1758 1115 1873 1115 2254 1118 2273 1118 2275 1118 2277 1118 2306 1106 2404 1115 2411 1115 2414 1115 2416 1115 2418 1115 2463 1104 3055 1104 3055 1066 3037 991 2670 989 2668 989 2336 1007 2301 1007 2289 1007 2193 998 2190 998 2188 998 2155 1010 2153 1010 2139 1010 1868 1005 1866 1005 966 1033 968 1108"/></Shape>
	    <String CONTENT="ſa ꝺificilima ⁊ impoſſible ꝺe ꝺezir: ⁊ trabajoſa ꝺe eſcu⸗" HPOS="966" VPOS="989" WIDTH="2089" HEIGHT="152"/>
          </TextLine>

          
          
          <TextLine ID="eSc_line_586cfff8" BASELINE="975 1209 1238 1205" HPOS="973" VPOS="1118" WIDTH="265" HEIGHT="110">
            <Shape><Polygon POINTS="975 1209 975 1228 1236 1228 1238 1205 1234 1158 1039 1118 1036 1118 1034 1118 973 1137 975 1209"/></Shape>
	    <String CONTENT="char." HPOS="973" VPOS="1118" WIDTH="265" HEIGHT="110"/>
          </TextLine>

          
          
          <TextLine ID="eSc_line_f9cddcd2" BASELINE="987 1404 2378 1360 3072 1353" HPOS="982" VPOS="1278" WIDTH="2090" HEIGHT="159">
            <Shape><Polygon POINTS="3004 1292 2980 1289 2957 1289 2933 1287 2910 1287 2886 1285 2863 1282 2839 1282 2816 1280 2792 1280 2769 1278 2762 1280 2754 1285 2411 1292 2350 1289 2211 1280 2209 1280 2207 1280 2186 1292 2176 1296 2162 1292 2125 1280 2122 1280 2120 1280 2117 1280 2087 1294 2070 1301 2049 1294 2026 1287 2023 1287 2021 1287 2019 1287 1988 1296 1955 1303 1904 1296 1828 1287 1826 1287 1659 1301 1603 1306 1565 1303 1490 1296 1487 1296 1417 1306 1379 1310 1358 1308 1325 1301 1323 1301 982 1313 987 1404 987 1423 1041 1437 1043 1437 1212 1419 1241 1416 1259 1416 1349 1428 1351 1428 1353 1428 1398 1414 1410 1409 1788 1402 1807 1404 1873 1414 1875 1414 2030 1397 2092 1393 2106 1397 2136 1407 2139 1407 2141 1407 2143 1407 2167 1395 2176 1390 2223 1393 2334 1402 2336 1402 2421 1388 2432 1388 2440 1388 2508 1397 2510 1397 3069 1372 3072 1353 3020 1292 3004 1292"/></Shape>
	    <String CONTENT="¶Es aqui ꝺe notar que el titulo:con que entrauan ⁊" HPOS="982" VPOS="1278" WIDTH="2090" HEIGHT="159"/>
          </TextLine>

          
          
          <TextLine ID="eSc_line_86c17e71" BASELINE="980 1494 2581 1451 3065 1447" HPOS="977" VPOS="1369" WIDTH="2088" HEIGHT="158">
            <Shape><Polygon POINTS="980 1494 980 1517 1069 1527 1071 1527 1074 1527 1076 1527 1093 1515 1100 1510 1201 1510 1220 1513 1257 1522 1259 1522 1262 1522 1264 1522 1276 1513 1285 1508 1396 1510 1532 1513 1534 1513 1565 1505 1593 1501 1633 1505 1680 1510 1683 1510 1772 1503 1868 1494 1892 1501 1911 1505 1913 1505 1915 1505 2021 1496 2153 1487 2219 1494 2251 1496 2254 1496 2256 1496 2259 1496 2263 1491 2277 1484 2343 1491 2383 1494 2385 1494 2444 1489 2585 1475 2621 1484 2628 1487 2630 1487 2632 1487 3065 1475 3065 1447 3060 1374 2757 1369 2754 1369 2752 1369 2750 1369 2736 1381 2733 1383 2465 1388 2461 1388 2425 1374 2423 1374 2421 1374 2418 1374 2416 1374 2395 1388 2308 1381 2306 1381 2303 1381 2301 1381 2284 1393 2282 1393 2275 1393 2193 1379 2190 1379 2021 1383 2019 1383 2016 1383 2000 1397 1955 1386 1953 1386 1951 1386 1948 1386 1906 1402 1901 1402 1896 1402 1835 1388 1833 1388 1755 1404 1725 1390 1723 1390 1720 1390 977 1423 980 1494"/></Shape>
	    <String CONTENT="poꝛel qual començauan a ꝺeſtruyꝛ todos aquellos yn⸗" HPOS="977" VPOS="1369" WIDTH="2088" HEIGHT="158"/>
          </TextLine>

          
          
          <TextLine ID="eSc_line_ab1e36ad" BASELINE="980 1585 2418 1550 3072 1543" HPOS="977" VPOS="1461" WIDTH="2095" HEIGHT="146">
            <Shape><Polygon POINTS="980 1585 980 1607 3069 1567 3072 1543 3067 1473 3004 1461 3001 1461 2999 1461 2997 1461 2983 1473 2983 1475 2926 1475 2844 1475 2787 1463 2785 1463 2783 1463 2754 1477 2498 1470 2496 1470 2494 1470 2458 1484 2348 1475 2345 1475 2247 1489 2214 1477 2211 1477 2209 1477 2141 1491 2042 1480 2040 1480 1800 1498 1403 1494 1401 1494 1295 1510 1198 1498 1196 1498 1194 1498 1191 1498 1172 1513 1093 1501 1090 1501 1088 1501 1086 1501 1064 1517 977 1517 980 1585"/></Shape>
	    <String CONTENT="nocentes y ꝺeſpoblar aquellas tierras: q̃ tanta alegria" HPOS="977" VPOS="1461" WIDTH="2095" HEIGHT="146"/>
          </TextLine>

          
          
          <TextLine ID="eSc_line_93a17476" BASELINE="989 1691 2268 1649 3074 1637" HPOS="987" VPOS="1557" WIDTH="2087" HEIGHT="162">
            <Shape><Polygon POINTS="989 1719 1751 1686 1955 1689 2155 1689 2157 1689 2160 1689 2179 1679 2193 1675 2270 1677 2407 1682 2409 1682 2411 1682 2414 1682 2425 1672 2430 1668 2437 1672 2454 1679 2456 1679 2458 1679 2592 1677 2658 1663 2679 1661 2745 1661 3008 1665 3011 1665 3013 1665 3074 1649 3074 1637 3069 1564 2860 1557 2858 1557 2856 1557 2853 1557 2841 1567 2837 1571 2470 1578 2458 1576 2428 1564 2425 1564 2423 1564 2315 1578 2249 1585 2176 1581 2085 1574 2082 1574 2040 1583 1998 1592 1962 1585 1932 1578 1929 1578 1854 1588 1741 1599 1645 1590 1607 1588 1605 1588 1603 1588 1589 1592 1546 1604 1511 1592 1499 1590 1497 1590 1495 1590 1452 1595 1346 1607 1330 1597 1328 1595 1325 1595 1323 1595 1321 1595 1304 1597 1227 1614 1081 1602 1071 1602 1069 1602 1067 1602 1036 1618 987 1604 989 1691 989 1719"/></Shape>
	    <String CONTENT="y gozo ꝺeuieran ꝺe cauſar / alos que fueran verdade⸗" HPOS="987" VPOS="1557" WIDTH="2087" HEIGHT="162"/>
          </TextLine>

          
          
          <TextLine ID="eSc_line_7439a927" BASELINE="984 1776 2583 1738 3079 1738" HPOS="982" VPOS="1658" WIDTH="2097" HEIGHT="139">
            <Shape><Polygon POINTS="984 1776 984 1797 3079 1757 3079 1738 3077 1663 2656 1658 2653 1658 2573 1672 2571 1672 2569 1672 2449 1663 2447 1663 2444 1663 2421 1675 2345 1665 2343 1665 2341 1665 2298 1679 2294 1679 2289 1679 2209 1668 2207 1668 2204 1668 2164 1682 2162 1682 2094 1670 2092 1670 2089 1670 2087 1670 2070 1684 2068 1684 2066 1684 1972 1672 1969 1672 1753 1691 1746 1691 1741 1691 1664 1679 1661 1679 1549 1693 1323 1686 1321 1686 1318 1686 1316 1686 1299 1700 1215 1689 1212 1689 982 1708 984 1776"/></Shape>
	    <String CONTENT="ros xp̃ianos con ſu tan grande ⁊ infinita poblaciõ: era" HPOS="982" VPOS="1658" WIDTH="2097" HEIGHT="139"/>
          </TextLine>

          
          
          <TextLine ID="eSc_line_ceb32f00" BASELINE="980 1870 2529 1834 3077 1834" HPOS="977" VPOS="1745" WIDTH="2100" HEIGHT="153">
            <Shape><Polygon POINTS="980 1870 980 1898 1699 1879 1713 1881 1739 1888 1741 1888 1744 1888 1793 1879 1814 1877 1835 1879 1896 1886 1899 1886 1993 1874 2028 1872 2052 1874 2132 1881 2134 1881 2259 1870 2284 1867 2329 1867 2599 1872 2602 1872 2604 1872 2635 1860 2637 1860 2649 1860 2834 1867 2837 1867 3074 1849 3077 1834 3072 1745 2931 1762 2407 1762 2143 1762 2141 1762 2139 1762 2136 1762 2129 1766 2115 1776 1941 1771 1784 1769 1781 1769 1739 1776 1708 1783 1645 1778 1551 1773 1549 1773 1546 1773 1513 1783 1492 1787 1471 1783 1433 1776 1431 1776 1358 1785 1314 1792 1250 1790 1142 1783 1140 1783 1137 1783 1135 1783 1123 1792 1116 1797 977 1797 980 1870"/></Shape>
	    <String CONTENT="ꝺezir que vinieſſen a ſubjectarſe ⁊ obedecer al rey ꝺe eſ" HPOS="977" VPOS="1745" WIDTH="2100" HEIGHT="153"/>
          </TextLine>

          
          
          <TextLine ID="eSc_line_3464477c" BASELINE="982 1968 2364 1933 3074 1928" HPOS="980" VPOS="1846" WIDTH="2094" HEIGHT="153">
            <Shape><Polygon POINTS="982 1968 982 1999 1100 1985 1788 1980 2289 1973 2454 1959 2508 1957 2599 1957 3048 1957 3051 1957 3053 1957 3055 1957 3074 1942 3074 1928 3069 1856 2787 1846 2785 1846 2729 1860 2712 1863 2670 1860 2515 1851 2512 1851 2402 1865 2376 1867 2341 1865 2247 1860 2244 1860 2242 1860 2240 1860 2230 1867 2221 1872 2146 1870 2009 1863 2007 1863 2005 1863 1979 1872 1955 1879 1861 1874 1763 1867 1760 1867 1758 1867 1755 1867 1744 1874 1730 1886 1664 1886 1650 1877 1640 1870 1638 1870 1636 1870 1633 1870 1584 1877 1520 1888 1483 1879 1464 1874 1462 1874 1459 1874 1405 1881 1306 1893 1245 1884 1217 1879 1215 1879 980 1886 982 1968"/></Shape>
	    <String CONTENT="paña: ꝺonde no/ que los auian ꝺ̉ matar ⁊ hazer eſclauos." HPOS="980" VPOS="1846" WIDTH="2094" HEIGHT="153"/>
          </TextLine>

          
          
          <TextLine ID="eSc_line_54a517b6" BASELINE="987 2065 2440 2027 3077 2020" HPOS="984" VPOS="1938" WIDTH="2093" HEIGHT="155">
            <Shape><Polygon POINTS="987 2065 987 2083 1217 2081 1264 2093 1267 2093 1269 2093 1271 2093 1274 2093 1297 2079 1297 2076 1887 2065 1892 2065 1974 2076 1976 2076 1979 2076 1981 2076 2000 2062 2005 2062 2169 2069 2172 2069 2237 2058 2282 2069 2284 2069 2287 2069 2534 2053 2985 2053 2987 2053 3077 2036 3077 2020 3072 1950 2931 1938 2928 1938 2926 1938 2884 1952 2881 1954 2564 1959 2552 1959 2468 1947 2465 1947 2397 1961 2381 1964 2355 1961 2263 1954 2261 1954 2183 1966 2160 1968 2146 1966 2092 1954 2089 1954 1941 1971 1885 1975 1854 1971 1786 1961 1784 1961 1687 1975 1661 1978 1645 1975 1596 1966 1593 1966 1591 1966 1589 1966 1574 1978 1565 1985 1438 1985 1419 1980 1391 1971 1389 1971 1386 1971 1384 1971 1382 1971 1370 1980 1361 1989 1248 1989 1224 1985 1194 1975 1191 1975 1189 1975 984 1987 987 2065"/></Shape>
	    <String CONTENT="Y los que no venian tan pꝛeſto a cumplir tan yꝛracio⸗" HPOS="984" VPOS="1938" WIDTH="2093" HEIGHT="155"/>
          </TextLine>

          
          
          <TextLine ID="eSc_line_60fd10ce" BASELINE="987 2156 2444 2121 3081 2114" HPOS="984" VPOS="2044" WIDTH="2097" HEIGHT="143">
            <Shape><Polygon POINTS="987 2156 987 2180 1276 2175 1281 2177 1295 2187 1297 2187 1299 2187 1302 2187 1304 2187 1325 2175 1332 2173 1368 2175 1455 2182 1457 2182 1459 2182 1497 2173 1520 2168 1560 2173 1612 2177 1614 2177 1699 2170 1770 2163 1784 2168 1800 2175 1802 2175 1805 2175 1944 2166 2056 2159 2106 2163 2155 2168 2157 2168 2190 2161 2233 2154 2298 2161 2336 2163 2338 2163 2341 2163 2350 2159 2374 2149 2423 2159 2442 2161 2444 2161 2792 2154 2809 2152 2905 2137 3077 2147 3081 2114 3074 2044 1304 2065 1302 2065 1255 2081 1107 2069 1104 2069 984 2088 987 2156"/></Shape>
	    <String CONTENT="nables y eſtultos menſajes:⁊ aponerſe enlas manos ꝺe" HPOS="984" VPOS="2044" WIDTH="2097" HEIGHT="143"/>
          </TextLine>

          
          
          <TextLine ID="eSc_line_cd07a617" BASELINE="989 2248 3079 2208" HPOS="987" VPOS="2133" WIDTH="2092" HEIGHT="145">
            <Shape><Polygon POINTS="989 2248 989 2271 1325 2278 1328 2278 1330 2278 1368 2264 1370 2262 1605 2260 1612 2260 1701 2271 1704 2271 1706 2271 1708 2271 1727 2257 1730 2257 1737 2257 1896 2267 1899 2267 1969 2253 1972 2253 2026 2264 2028 2264 2251 2250 2336 2260 2338 2260 2341 2260 2371 2246 2444 2257 2447 2257 2449 2257 2487 2243 2524 2255 2526 2255 2529 2255 2844 2236 2917 2248 2919 2248 2921 2248 2983 2234 3053 2246 3055 2246 3058 2246 3060 2246 3079 2231 3079 2208 3072 2142 2771 2145 2769 2145 2707 2133 2705 2133 2588 2147 2569 2149 2552 2149 2468 2137 2465 2137 2463 2137 2414 2149 2404 2152 2343 2152 2096 2145 2094 2145 2092 2145 2089 2145 2078 2154 2070 2159 2038 2154 1969 2147 1967 2147 1880 2156 1840 2161 1772 2159 1659 2154 1657 2154 1654 2154 1629 2161 1596 2168 1539 2161 1490 2156 1487 2156 1485 2156 1483 2156 1473 2163 1459 2170 1412 2163 1377 2159 1375 2159 1372 2159 1358 2163 1337 2173 1304 2166 1283 2161 1281 2161 1222 2166 1104 2177 987 2170 989 2248"/></Shape>
	    <String CONTENT="tan iniquos ⁊ crueles y beſtiales hombꝛes : llamauan" HPOS="987" VPOS="2133" WIDTH="2092" HEIGHT="145"/>
          </TextLine>

          
          
          <TextLine ID="eSc_line_f4e3fe88" BASELINE="987 2344 2571 2309 3086 2309" HPOS="984" VPOS="2217" WIDTH="2102" HEIGHT="162">
            <Shape><Polygon POINTS="987 2344 987 2365 1093 2379 1095 2379 1097 2379 1100 2379 1116 2368 1189 2377 1191 2377 1194 2377 1222 2363 1250 2372 1252 2372 1255 2372 1483 2358 1532 2370 1534 2370 1537 2370 1539 2370 1600 2356 1683 2368 1685 2368 1800 2351 1807 2351 1824 2351 2150 2358 2153 2358 2367 2340 2388 2340 2409 2340 2618 2349 2621 2349 2691 2335 2693 2335 2696 2335 2851 2344 2853 2344 3086 2325 3086 2309 3079 2217 3048 2231 2865 2222 2834 2222 2832 2222 2830 2222 2823 2224 2776 2236 2698 2227 2689 2227 2686 2227 2684 2227 2682 2227 2663 2239 2512 2231 2489 2231 2487 2231 2454 2234 2284 2246 2263 2239 2254 2234 2251 2234 2249 2234 2207 2239 2129 2250 2099 2241 2087 2239 2085 2239 2082 2239 2016 2243 1899 2255 1838 2248 1786 2243 1784 2243 1723 2253 1661 2260 1617 2255 1567 2248 1565 2248 984 2269 987 2344"/></Shape>
	    <String CONTENT="les rebeldes y alçados contra el ſeruicio ꝺe ſu Mageſ" HPOS="984" VPOS="2217" WIDTH="2102" HEIGHT="162"/>
          </TextLine>

          
          
          <TextLine ID="eSc_line_347a02d1" BASELINE="991 2443 2435 2408 3084 2401" HPOS="989" VPOS="2318" WIDTH="2095" HEIGHT="160">
            <Shape><Polygon POINTS="991 2443 991 2466 1095 2478 1097 2478 1281 2462 1309 2459 1405 2459 2042 2459 2042 2457 2475 2436 2581 2445 2583 2445 2691 2429 2698 2429 2700 2429 2733 2441 2736 2441 2738 2441 3008 2436 3084 2419 3084 2401 3079 2332 3013 2318 3011 2318 3008 2318 3006 2318 2987 2332 2985 2332 2583 2328 2581 2328 2578 2328 2543 2340 2407 2332 2404 2332 2402 2332 2367 2347 2364 2347 2353 2347 2172 2337 2169 2337 2167 2337 2164 2337 2146 2349 2061 2340 2059 2340 2056 2340 2054 2340 2035 2354 2033 2356 1807 2358 1805 2358 1763 2347 1760 2347 1758 2347 1755 2347 1730 2361 1727 2361 1711 2361 1551 2351 1549 2351 1443 2365 1417 2354 1415 2354 1412 2354 1299 2370 1288 2370 1278 2370 1203 2358 1201 2358 989 2375 991 2443"/></Shape>
	    <String CONTENT="tad. Y aſſi lo eſcreuian aca al rey nueſtro ſeñoꝛ / ⁊ la ce⸗" HPOS="989" VPOS="2318" WIDTH="2095" HEIGHT="160"/>
          </TextLine>

          
          
          <TextLine ID="eSc_line_ad3ce4fb" BASELINE="994 2532 2623 2499 3088 2499" HPOS="991" VPOS="2424" WIDTH="2097" HEIGHT="143">
            <Shape><Polygon POINTS="994 2532 994 2567 1372 2549 1534 2556 1617 2558 1619 2558 1668 2551 1746 2542 1777 2549 1793 2553 1795 2553 1798 2553 1901 2546 2030 2537 2122 2542 2244 2546 2247 2546 2249 2546 2251 2546 2261 2537 2270 2532 2348 2535 2501 2542 2503 2542 2505 2542 2531 2530 2541 2528 2569 2530 2639 2537 2642 2537 2644 2537 2663 2528 2668 2525 2672 2528 2700 2537 2703 2537 2705 2537 2707 2537 2745 2525 2754 2523 2762 2525 2787 2535 2790 2535 2792 2535 2973 2532 3088 2516 3088 2499 3086 2426 2628 2424 2625 2424 2526 2438 2494 2441 2465 2438 2390 2431 2388 2431 2385 2431 2383 2431 2374 2441 2369 2443 2345 2441 2251 2431 2249 2431 2247 2431 2244 2431 2230 2443 2226 2445 2214 2443 2146 2434 2143 2434 2087 2448 2078 2448 2052 2448 1873 2438 1871 2438 1868 2438 1866 2438 1847 2452 1838 2452 1755 2441 1753 2441 1751 2441 1701 2455 1699 2455 1697 2455 1640 2443 1638 2443 1636 2443 1633 2443 1617 2457 1614 2459 1492 2459 1485 2459 1422 2448 1419 2448 1417 2448 1368 2462 1365 2462 1363 2462 1292 2450 1290 2450 1288 2450 1241 2464 1238 2464 1194 2452 1191 2452 1189 2452 991 2469 994 2532"/></Shape>
	    <String CONTENT="guedad ꝺelos que regian las yndias : no alcançaua ni" HPOS="991" VPOS="2424" WIDTH="2097" HEIGHT="143"/>
          </TextLine>

          
          
          <TextLine ID="eSc_line_f715ac13" BASELINE="987 2631 2639 2596 3088 2596" HPOS="984" VPOS="2506" WIDTH="2104" HEIGHT="151">
            <Shape><Polygon POINTS="987 2631 987 2652 1455 2657 1457 2657 1513 2643 2284 2640 2287 2640 2331 2629 2385 2638 2388 2638 2390 2638 2435 2626 2437 2626 2461 2626 2992 2626 2994 2626 3088 2612 3088 2596 3086 2520 3018 2506 3015 2506 2799 2523 2747 2509 2745 2509 2743 2509 2618 2528 2616 2530 2555 2530 2447 2530 2407 2516 2404 2516 2402 2516 2400 2516 2367 2532 2301 2518 2298 2518 2296 2518 2235 2532 2049 2528 2047 2528 2045 2528 2042 2528 2030 2539 1995 2525 1993 2525 1991 2525 1810 2544 1798 2544 1788 2544 1680 2530 1678 2530 1598 2544 1565 2532 1563 2532 1560 2532 1558 2532 1525 2546 1502 2535 1499 2535 1497 2535 1372 2539 1370 2539 1368 2539 1351 2551 1243 2539 1241 2539 1238 2539 1205 2556 1203 2556 1196 2556 1116 2542 1114 2542 984 2558 987 2631"/></Shape>
	    <String CONTENT="entendia aquello que en ſus leyes eſta expꝛeſſo ⁊ mas" HPOS="984" VPOS="2506" WIDTH="2104" HEIGHT="151"/>
          </TextLine>

          
          
          <TextLine ID="eSc_line_1bcb759b" BASELINE="982 2725 3088 2687" HPOS="980" VPOS="2605" WIDTH="2108" HEIGHT="148">
            <Shape><Polygon POINTS="982 2725 982 2753 3088 2713 3088 2687 3084 2617 3030 2605 3027 2605 3025 2605 3022 2605 3004 2617 2992 2617 2853 2607 2851 2607 2849 2607 2818 2619 2809 2621 2769 2619 2644 2612 2642 2612 2576 2621 2543 2626 2463 2624 2301 2617 2298 2617 2296 2617 2294 2617 2284 2626 2275 2631 2030 2629 1760 2626 1758 2626 1755 2626 1753 2626 1746 2633 1732 2640 1671 2633 1631 2629 1629 2629 1506 2631 1504 2631 1502 2631 1497 2636 1483 2645 1401 2636 1365 2633 1363 2633 1292 2638 1097 2652 980 2643 982 2725"/></Shape>
	    <String CONTENT="claro que otro ꝺe ſus pꝛimeros pꝛincipios (conuiene a" HPOS="980" VPOS="2605" WIDTH="2108" HEIGHT="148"/>
          </TextLine>

          
          
          <TextLine ID="eSc_line_0a027ad1" BASELINE="999 2819 2623 2786 3088 2788" HPOS="996" VPOS="2699" WIDTH="2092" HEIGHT="150">
            <Shape><Polygon POINTS="999 2819 999 2840 1252 2849 1255 2849 1487 2833 1509 2833 1520 2833 1624 2842 1626 2842 1748 2828 1767 2828 1781 2828 1854 2838 1857 2838 1908 2826 1918 2826 1932 2826 2016 2835 2019 2835 2021 2835 2047 2824 2052 2824 2066 2824 2146 2833 2148 2833 2209 2821 2219 2821 2228 2821 2275 2831 2277 2831 2280 2831 2303 2821 2308 2819 2355 2819 2519 2826 2522 2826 2524 2826 2526 2826 2536 2816 2541 2814 2559 2816 2609 2824 2611 2824 3088 2807 3088 2788 3086 2708 3058 2699 3055 2699 3053 2699 2733 2715 2658 2718 2646 2715 2609 2708 2606 2708 2552 2718 2529 2720 2496 2718 2409 2711 2407 2711 2404 2711 2367 2720 2353 2723 2331 2720 2280 2713 2277 2713 2275 2713 2273 2713 2263 2720 2256 2725 2223 2723 2164 2715 2162 2715 2160 2715 2139 2723 2125 2727 2092 2723 2047 2718 2045 2718 1932 2725 1835 2732 1800 2727 1767 2723 1765 2723 1763 2723 1751 2727 1739 2734 1685 2730 1643 2725 1640 2725 1638 2725 1636 2725 1631 2730 1617 2739 996 2739 999 2819"/></Shape>
	    <String CONTENT="ſaber) que ninguno es ni puede ſer llamado rebelde:ſi" HPOS="996" VPOS="2699" WIDTH="2092" HEIGHT="150"/>
          </TextLine>

          
          
          <TextLine ID="eSc_line_1d8dbd24" BASELINE="991 2922 2484 2885 3088 2878" HPOS="989" VPOS="2793" WIDTH="2099" HEIGHT="157">
            <Shape><Polygon POINTS="991 2922 991 2950 1116 2939 1224 2948 1248 2948 1250 2948 1252 2948 1259 2946 1302 2932 2002 2918 2209 2918 2496 2920 2498 2920 2501 2920 2503 2920 2515 2910 2519 2906 2531 2908 2571 2918 2573 2918 2646 2906 2663 2903 2665 2906 2682 2915 2684 2915 2686 2915 2689 2915 3008 2908 3088 2892 3088 2878 3081 2807 2853 2809 2851 2809 2809 2793 2806 2793 2804 2793 2802 2793 2757 2809 2752 2812 2743 2809 2682 2800 2679 2800 2677 2800 2675 2800 2658 2812 2651 2816 2534 2816 2526 2814 2505 2802 2503 2802 2501 2802 2432 2814 2395 2821 2360 2816 2306 2807 2303 2807 2301 2807 2266 2816 2259 2819 2251 2816 2219 2807 2216 2807 2214 2807 2211 2807 2179 2819 2162 2824 2052 2819 1896 2814 1894 2814 1892 2814 1868 2821 1835 2833 1748 2824 1694 2819 1692 2819 1690 2819 1666 2826 1619 2838 1478 2828 1443 2826 1440 2826 1438 2826 1431 2828 1391 2842 1358 2828 1353 2828 1351 2828 1349 2828 1346 2828 1342 2831 1288 2849 1170 2849 1125 2833 1123 2833 1121 2833 1118 2833 1060 2847 989 2835 991 2922"/></Shape>
	    <String CONTENT="pꝛimero no es ſubdito. Cõſidere ſe poꝛ los chꝛiſtianos" HPOS="989" VPOS="2793" WIDTH="2099" HEIGHT="157"/>
          </TextLine>

          
          
          <TextLine ID="eSc_line_d445eb7b" BASELINE="1008 3014 3088 2974" HPOS="1006" VPOS="2892" WIDTH="2082" HEIGHT="143">
            <Shape><Polygon POINTS="1008 3014 1008 3035 1605 3035 1605 3033 1607 3033 1640 3021 1647 3019 1676 3019 1821 3028 1824 3028 1998 3011 2019 3011 2026 3011 2082 3023 2085 3023 2087 3023 2115 3009 2117 3009 2129 3009 2223 3021 2226 3021 2228 3021 2230 3021 2247 3007 2249 3007 2261 3007 2397 3016 2400 3016 2632 3000 2635 3000 2682 3011 2684 3011 2686 3011 2689 3011 2722 3000 2961 3007 2964 3007 3088 2988 3088 2974 3081 2906 2917 2906 2888 2892 2886 2892 2884 2892 2881 2892 2837 2908 2834 2908 2832 2908 2740 2896 2738 2896 2736 2896 2707 2910 2705 2913 2331 2918 2324 2918 2259 2901 2256 2901 2254 2901 2207 2918 2204 2918 2016 2906 2014 2906 1941 2922 1932 2925 1922 2922 1866 2908 1864 2908 1861 2908 1774 2910 1772 2910 1744 2927 1737 2929 1711 2927 1617 2913 1614 2913 1006 2936 1008 3014"/></Shape>
	    <String CONTENT="y que ſaben algo ꝺe ꝺios ⁊ ꝺe razon / ⁊ aun ꝺelas leyes" HPOS="1006" VPOS="2892" WIDTH="2082" HEIGHT="143"/>
          </TextLine>

          
          
          <TextLine ID="eSc_line_c380acc9" BASELINE="999 3110 2512 3075 3091 3070" HPOS="996" VPOS="2986" WIDTH="2095" HEIGHT="152">
            <Shape><Polygon POINTS="999 3110 999 3127 1053 3138 1055 3138 1116 3127 1652 3127 1654 3127 1840 3113 1873 3122 1875 3122 1878 3122 2320 3101 2646 3105 2649 3105 2651 3105 2703 3094 3053 3096 3055 3096 3058 3096 3091 3082 3091 3070 3084 2986 2409 3009 2348 2997 2322 2993 2320 2993 2256 2997 2150 3009 2070 3002 2045 3000 2042 3000 2040 3000 2038 3000 2035 3002 2016 3014 2000 3002 1995 3000 1993 3000 1991 3000 1988 3000 1657 3007 1654 3007 1647 3009 1593 3026 1476 3011 1466 3011 1464 3011 1212 3016 1210 3016 1208 3016 1182 3037 1093 3037 996 3021 999 3110"/></Shape>
	    <String CONTENT="humanas: que tales pueden parar los coꝛaçones ꝺe q̃l⸗" HPOS="996" VPOS="2986" WIDTH="2095" HEIGHT="152"/>
          </TextLine>

          
          
          <TextLine ID="eSc_line_72a50b19" BASELINE="1003 3204 3095 3167" HPOS="1001" VPOS="3082" WIDTH="2094" HEIGHT="141">
            <Shape><Polygon POINTS="1003 3204 1003 3223 3095 3197 3095 3167 3091 3094 2966 3082 2964 3082 2961 3082 2921 3094 2919 3094 2825 3084 2823 3084 2820 3084 2790 3096 2787 3096 2766 3096 2571 3089 2569 3089 2510 3098 2498 3101 2489 3098 2451 3089 2449 3089 2447 3089 2444 3089 2442 3089 2428 3101 2423 3105 2247 3105 2226 3103 2181 3094 2179 3094 2176 3094 2155 3103 2143 3108 2120 3103 2089 3098 2087 3098 1955 3105 1781 3115 1650 3108 1567 3105 1565 3105 1563 3105 1549 3110 1520 3120 1448 3110 1415 3108 1412 3108 1382 3113 1330 3120 1189 3115 1135 3113 1133 3113 1130 3113 1125 3115 1097 3127 1001 3117 1003 3204"/></Shape>
	    <String CONTENT="quiera gente que biue en ſus tierras ſegura/ ⁊ no ſabe" HPOS="1001" VPOS="3082" WIDTH="2094" HEIGHT="141"/>
          </TextLine>

          
          
          <TextLine ID="eSc_line_dd248ebd" BASELINE="1006 3296 3093 3258" HPOS="1003" VPOS="3181" WIDTH="2090" HEIGHT="150">
            <Shape><Polygon POINTS="1006 3296 1006 3331 1278 3312 2110 3305 3053 3293 3055 3293 3093 3279 3093 3258 3088 3195 2907 3181 2905 3181 2903 3181 2874 3195 2754 3183 2752 3183 2750 3183 2693 3199 1915 3197 1913 3197 1911 3197 1908 3197 1887 3214 1788 3199 1786 3199 1784 3199 1751 3216 1708 3202 1706 3202 1704 3202 1701 3202 1650 3218 1466 3206 1464 3206 1462 3206 1459 3206 1438 3221 1241 3211 1238 3211 1236 3211 1234 3211 1217 3223 1194 3211 1191 3211 1189 3211 1187 3211 1149 3228 1003 3230 1006 3296"/></Shape>
	    <String CONTENT="que ꝺeua nada a nadie:⁊ que tiene ſus naturales ſeño⸗" HPOS="1003" VPOS="3181" WIDTH="2090" HEIGHT="150"/>
          </TextLine>

          
          
          <TextLine ID="eSc_line_e95f2f9d" BASELINE="1006 3392 3093 3355" HPOS="1003" VPOS="3275" WIDTH="2090" HEIGHT="150">
            <Shape><Polygon POINTS="1006 3392 1006 3425 3093 3376 3093 3355 3088 3286 3008 3275 3006 3275 2649 3291 2642 3291 2639 3291 2621 3279 2618 3279 2616 3279 2613 3279 2534 3293 2529 3293 2526 3293 2489 3279 2487 3279 2484 3279 2482 3279 2479 3279 2458 3293 2458 3296 2376 3296 2371 3296 2308 3282 2306 3282 2303 3282 2251 3296 2047 3286 2045 3286 2042 3286 2040 3286 2023 3300 2019 3303 1993 3300 1871 3291 1868 3291 1784 3305 1760 3308 1748 3305 1715 3293 1713 3293 1711 3293 1003 3315 1006 3392"/></Shape>
	    <String CONTENT="res: las nueuas que les ꝺixeren aſſi ꝺe ſupito: ꝺaos a o⸗" HPOS="1003" VPOS="3275" WIDTH="2090" HEIGHT="150"/>
          </TextLine>

          
          
          <TextLine ID="eSc_line_1a38ea51" BASELINE="1006 3486 2529 3460 3100 3460" HPOS="1003" VPOS="3376" WIDTH="2097" HEIGHT="136">
            <Shape><Polygon POINTS="1006 3486 1006 3512 3098 3481 3100 3460 3098 3390 2804 3376 2802 3376 2668 3392 2635 3394 2590 3392 2428 3380 2425 3380 2211 3385 2209 3385 2207 3385 2190 3394 2183 3399 2162 3394 2113 3385 2110 3385 2019 3397 1934 3406 1915 3397 1901 3390 1899 3390 1795 3390 1793 3390 1730 3397 1631 3413 1288 3416 1248 3401 1241 3399 1238 3399 1236 3399 1234 3399 1229 3401 1196 3416 1128 3406 1125 3406 1123 3406 1121 3406 1104 3418 1003 3404 1006 3486"/></Shape>
	    <String CONTENT="bedeſcer a vn rey eſtraño/que nunca viſtes ni oyſtes:⁊" HPOS="1003" VPOS="3376" WIDTH="2097" HEIGHT="136"/>
          </TextLine>

          
          
          <TextLine ID="eSc_line_ced80d79" BASELINE="1001 3582 3093 3550" HPOS="999" VPOS="3465" WIDTH="2094" HEIGHT="148">
            <Shape><Polygon POINTS="1001 3582 1001 3599 1095 3613 1097 3613 1189 3601 1589 3606 1591 3606 1593 3606 1596 3606 1612 3594 1614 3594 1619 3594 1744 3604 1746 3604 1748 3604 1791 3592 1802 3589 1821 3592 1887 3601 1889 3601 1892 3601 1894 3601 1911 3592 1918 3587 1934 3589 1972 3599 1974 3599 1976 3599 1979 3599 1991 3589 1995 3585 2195 3582 2259 3587 2341 3594 2343 3594 2430 3585 2512 3578 3091 3578 3093 3550 3088 3477 2938 3465 2935 3465 2802 3479 2780 3481 2766 3481 2660 3470 2658 3470 2656 3470 2653 3470 2632 3484 2628 3484 2512 3484 1793 3484 1791 3484 1666 3498 1659 3498 1657 3498 1619 3486 1617 3486 1614 3486 1462 3500 1436 3503 1417 3503 1292 3491 1290 3491 999 3507 1001 3582"/></Shape>
	    <String CONTENT="ſino ſabed que luego os hemos ꝺe hazer pedaços : eſpe" HPOS="999" VPOS="3465" WIDTH="2094" HEIGHT="148"/>
          </TextLine>

          
          
          <TextLine ID="eSc_line_e8e3c462" BASELINE="1001 3683 3086 3646" HPOS="999" VPOS="3561" WIDTH="2087" HEIGHT="205">
            <Shape><Polygon POINTS="1001 3683 1001 3766 1055 3766 1055 3763 1057 3763 1060 3763 1130 3730 1180 3759 1182 3761 1184 3761 1187 3761 1189 3761 1422 3756 1424 3752 1424 3756 1473 3756 1476 3756 1492 3747 1558 3709 1683 3709 1732 3726 1734 3726 1737 3726 1967 3719 2009 3730 2021 3733 2023 3733 2026 3733 2028 3733 2040 3728 2108 3702 2160 3723 2164 3726 2167 3726 2169 3726 2193 3723 2275 3712 2327 3719 2348 3721 2350 3721 2353 3721 2364 3716 2423 3700 2548 3707 2550 3707 2552 3707 2604 3693 2696 3707 2771 3716 2773 3716 2837 3702 2856 3698 2879 3700 3041 3721 3044 3721 3046 3721 3048 3721 3086 3695 3086 3646 3081 3578 2957 3561 2954 3561 2787 3566 2785 3566 2783 3566 2764 3580 2733 3566 2731 3566 2729 3566 2726 3566 2670 3580 2463 3571 2461 3571 2458 3571 2425 3589 2348 3589 2306 3573 2303 3573 2301 3573 2139 3592 2094 3578 2092 3578 2089 3578 1998 3594 1826 3582 1824 3582 1821 3582 1777 3599 1614 3587 1612 3587 1610 3587 1607 3587 1586 3601 1483 3592 1480 3592 1478 3592 1476 3592 1457 3606 1177 3608 1151 3594 1149 3594 1147 3594 1144 3594 999 3613 1001 3683"/></Shape>
	    <String CONTENT="cialmente viendo poꝛ experiencia que aſſi luego lo ha⸗" HPOS="999" VPOS="3561" WIDTH="2087" HEIGHT="205"/>
          </TextLine>

          
        </TextBlock>
        

        
        <TextBlock ID="eSc_dummyblock_">
          
          
          <TextLine ID="eSc_line_ee961e68" BASELINE="1417 3754 1429 3754" HPOS="1417" VPOS="3716" WIDTH="12" HEIGHT="106">
            <Shape><Polygon POINTS="1417 3754 1417 3822 1429 3822 1429 3754 1426 3716 1417 3716 1417 3754"/></Shape>
	    <String CONTENT="" HPOS="1417" VPOS="3716" WIDTH="12" HEIGHT="106"/>
          </TextLine>

          
        </TextBlock>
        
      </PrintSpace>
    </Page>
  </Layout>
</alto>
