<alto xmlns:xsi="http://www.w3.org/2001/XMLSchema-instance" xmlns="http://www.loc.gov/standards/alto/ns-v4#" xsi:schemaLocation="http://www.loc.gov/standards/alto/ns-v4# http://www.loc.gov/standards/alto/v4/alto-4-2.xsd">
  <Description>
    <MeasurementUnit>pixel</MeasurementUnit>
    <sourceImageInformation>
      <fileName>text_voKcbLJ.pdf_page_5.png</fileName>
      
    </sourceImageInformation>
  </Description>
  
  <Tags>
    <OtherTag ID="BT10" LABEL="TitlePageZone" DESCRIPTION="block type TitlePageZone"/><OtherTag ID="BT8" LABEL="RunningTitleZone" DESCRIPTION="block type RunningTitleZone"/><OtherTag ID="BT7" LABEL="QuireMarksZone" DESCRIPTION="block type QuireMarksZone"/><OtherTag ID="BT6" LABEL="DropCapitalZone" DESCRIPTION="block type DropCapitalZone"/><OtherTag ID="BT5" LABEL="MainZone" DESCRIPTION="block type MainZone"/>
    <OtherTag ID="LT5" LABEL="DefaultLine" DESCRIPTION="line type DefaultLine"/>
  </Tags>
  
  <Layout>
    <Page WIDTH="3117" HEIGHT="4229" PHYSICAL_IMG_NR="4" ID="eSc_dummypage_">
      <PrintSpace HPOS="0" VPOS="0" WIDTH="3117" HEIGHT="4229">
        
        <TextBlock HPOS="865" VPOS="422" WIDTH="2204" HEIGHT="3306" ID="eSc_textblock_b186a75b">
          <Shape><Polygon POINTS="912 422 3013 441 3069 2311 3051 3700 1697 3728 930 3700 865 561 865 460 912 422"/></Shape>
          
          
          <TextLine ID="eSc_line_d59e648b" BASELINE="874 516 1744 502 2999 498" HPOS="872" VPOS="422" WIDTH="2127" HEIGHT="125">
            <Shape><Polygon POINTS="2987 439 2964 439 2940 439 2917 439 2893 439 2870 439 2846 439 2823 439 2799 439 2776 439 2752 439 2729 436 2705 436 2682 436 2658 436 2635 436 2611 436 2588 436 2564 436 2541 436 2517 436 2494 436 2470 434 2447 434 2423 434 2400 434 2376 434 2353 434 2329 434 2306 434 2282 434 2259 434 2235 434 2211 432 2188 432 2164 432 2141 432 2117 432 2094 432 2070 432 2047 432 2023 432 2021 434 2016 436 1915 436 1913 434 1901 429 1882 429 1859 429 1835 429 1824 429 1817 432 1810 429 1788 429 1765 429 1741 429 1718 429 1708 427 1692 432 1652 427 1647 427 1624 427 1600 427 1577 427 1574 427 1558 436 1368 425 1365 425 1342 425 1318 425 1316 425 1274 439 1252 425 1248 425 1224 425 1201 425 1177 425 1168 422 1151 439 1116 425 1114 425 1111 425 1109 425 1107 425 1081 444 1029 444 994 425 991 425 989 425 987 425 984 425 959 444 876 444 872 451 874 516 874 547 996 535 1149 547 1151 547 1154 547 1156 547 1177 533 1236 545 1238 545 1241 545 1267 533 1393 542 1396 542 1509 530 2994 530 2999 498 2994 439 2987 439"/></Shape>
	    <String CONTENT="pꝛincipales. Acoꝛdaron los eſpañoles ḋ hazer alli vna" HPOS="872" VPOS="422" WIDTH="2127" HEIGHT="125"/>
          </TextLine>

          
          
          <TextLine ID="eSc_line_ac10b903" BASELINE="897 610 3008 594" HPOS="895" VPOS="514" WIDTH="2113" HEIGHT="118">
            <Shape><Polygon POINTS="897 610 897 632 3008 622 3008 594 3004 528 2752 514 2750 514 2672 528 2449 516 2447 516 2444 516 2397 530 2195 519 2193 519 2099 533 1969 521 1967 521 1901 533 1565 523 1563 523 1560 523 1527 535 1445 526 1443 526 1243 538 1198 526 1196 526 1194 526 1191 526 1156 542 895 542 897 610"/></Shape>
	    <String CONTENT="matança/ o caſtigo (como ellos ꝺizẽ) para poner y ſem" HPOS="895" VPOS="514" WIDTH="2113" HEIGHT="118"/>
          </TextLine>

          
          
          <TextLine ID="eSc_line_0cdf63cb" BASELINE="902 704 3006 686" HPOS="900" VPOS="610" WIDTH="2106" HEIGHT="115">
            <Shape><Polygon POINTS="902 704 902 725 3004 709 3006 686 3001 624 2938 610 2935 610 2752 624 2736 624 2715 624 2479 613 2477 613 2388 624 2371 627 2355 624 2259 615 2256 615 2254 615 2230 627 2228 627 2204 627 2075 617 2073 617 1993 627 1948 632 1906 627 1838 620 1835 620 1739 627 1659 634 1621 629 1586 622 1584 622 1511 629 1419 636 1321 629 1252 624 1250 624 1248 624 1229 629 1198 636 1140 629 1109 627 1107 627 1104 627 1102 627 1100 629 1083 639 900 632 902 704"/></Shape>
	    <String CONTENT="bꝛar ſu themoꝛ ⁊ bꝛaueza en todos los rincones ꝺe aq̃⸗" HPOS="900" VPOS="610" WIDTH="2106" HEIGHT="115"/>
          </TextLine>

          
          
          <TextLine ID="eSc_line_1565bcef" BASELINE="905 801 3013 784" HPOS="902" VPOS="707" WIDTH="2111" HEIGHT="127">
            <Shape><Polygon POINTS="905 801 907 834 940 822 1118 831 1135 831 1137 831 1144 831 1208 819 1405 827 1459 829 1462 829 1464 829 1473 827 1506 817 1864 822 2106 824 2108 824 2150 817 2188 812 2263 817 2362 822 2364 822 3011 805 3013 784 3008 721 2724 707 2722 707 2428 723 2402 723 2383 723 2155 711 2153 711 2150 711 2108 725 2101 725 2075 725 1901 714 1899 714 1800 725 1781 728 1751 725 1600 716 1598 716 1520 728 1502 730 1485 728 1436 718 1433 718 1431 718 1429 718 1415 728 1410 733 902 733 905 801"/></Shape>
	    <String CONTENT="llas tierras. Poꝛq̃ ſiempꝛe fue eſta ſu ꝺeterminaciõ en" HPOS="902" VPOS="707" WIDTH="2111" HEIGHT="127"/>
          </TextLine>

          
          
          <TextLine ID="eSc_line_15ca60ef" BASELINE="909 897 3015 883" HPOS="907" VPOS="803" WIDTH="2108" HEIGHT="113">
            <Shape><Polygon POINTS="909 897 909 916 3015 902 3015 883 3013 819 2957 803 2954 803 2952 803 2844 817 2534 805 2531 805 2447 819 2313 805 2310 805 2181 822 1983 808 1981 808 1979 808 1976 808 1955 824 1915 810 1913 810 1911 810 1701 824 1678 810 1676 810 1673 810 1671 810 1668 810 1605 827 1379 827 1353 812 1351 812 1349 812 1243 829 1031 815 1029 815 1027 815 1024 815 1003 831 907 831 909 897"/></Shape>
	    <String CONTENT="todas las tierras q̃ los eſpañoles han entrado (conuie" HPOS="907" VPOS="803" WIDTH="2108" HEIGHT="113"/>
          </TextLine>

          
          
          <TextLine ID="eSc_line_89ce60a7" BASELINE="905 993 3013 977" HPOS="902" VPOS="899" WIDTH="2111" HEIGHT="113">
            <Shape><Polygon POINTS="905 1012 3011 998 3013 977 3008 913 2924 899 2921 899 2705 913 2501 902 2498 902 2402 916 2110 904 2108 904 1753 920 1102 913 1100 913 1097 913 1095 913 1076 928 902 928 905 993"/></Shape>
	    <String CONTENT="ne a laber) hazer vna cruel ⁊ ſeñalada matança: poꝛque" HPOS="902" VPOS="899" WIDTH="2111" HEIGHT="113"/>
          </TextLine>

          
          
          <TextLine ID="eSc_line_c84e88db" BASELINE="909 1087 3013 1073" HPOS="907" VPOS="996" WIDTH="2106" HEIGHT="117">
            <Shape><Polygon POINTS="909 1087 909 1108 2273 1113 2275 1113 2277 1113 2280 1113 2298 1101 2501 1111 2503 1111 2578 1099 2581 1099 2658 1111 2660 1111 2813 1097 2823 1097 2830 1097 2964 1108 2966 1108 2968 1108 3013 1094 3013 1073 3008 1003 2360 996 2357 996 2355 996 2317 1007 2308 1012 2303 1010 2289 998 2287 998 2284 998 2202 998 2200 998 2197 998 2174 1010 2167 1014 2016 1014 2014 1012 1981 998 1979 998 1976 998 1974 998 1972 998 1953 1012 1948 1017 1723 1017 1718 1014 1668 1000 1666 1000 1664 1000 1661 1000 1612 1014 1605 1017 1570 1017 1337 1005 1335 1005 1262 1019 1255 1022 1140 1022 1074 1022 1017 1005 1015 1005 1013 1005 1010 1005 1008 1005 984 1022 907 1022 909 1087"/></Shape>
	    <String CONTENT="tiẽblen ꝺellos aquellas oueja manſas. Aſſi q̃ embiarõ" HPOS="907" VPOS="996" WIDTH="2106" HEIGHT="117"/>
          </TextLine>

          
          
          <TextLine ID="eSc_line_4828dca0" BASELINE="909 1186 3020 1170" HPOS="907" VPOS="1097" WIDTH="2113" HEIGHT="115">
            <Shape><Polygon POINTS="909 1186 909 1212 3018 1188 3020 1170 3015 1106 2432 1097 2430 1097 2341 1108 2155 1099 2153 1099 2150 1099 2110 1111 1932 1101 1929 1101 907 1120 909 1186"/></Shape>
	    <String CONTENT="para eſto pꝛimero a llamar todos los ſeñoꝛes ⁊ nobles" HPOS="907" VPOS="1097" WIDTH="2113" HEIGHT="115"/>
          </TextLine>

          
          
          <TextLine ID="eSc_line_6d3e660c" BASELINE="909 1278 3022 1266" HPOS="907" VPOS="1186" WIDTH="2115" HEIGHT="115">
            <Shape><Polygon POINTS="909 1278 909 1299 2992 1301 2994 1301 2997 1301 3022 1287 3022 1266 3018 1202 2924 1186 2921 1186 2919 1186 2872 1202 2766 1202 2736 1186 2733 1186 2731 1186 2729 1186 2670 1200 2616 1186 2613 1186 2611 1186 2167 1205 1948 1191 1946 1191 1861 1205 1760 1191 1758 1191 1755 1191 1725 1207 1692 1193 1690 1193 1687 1193 1685 1193 1643 1207 1511 1193 1509 1193 1506 1193 1450 1207 1363 1193 1361 1193 1358 1193 1323 1209 1267 1195 1264 1195 1262 1195 1184 1209 1163 1195 1161 1195 1158 1195 1156 1195 1154 1195 1118 1209 1024 1195 1022 1195 907 1212 909 1278"/></Shape>
	    <String CONTENT="ꝺela ciuclad ⁊ ꝺe todos los lugares a ella ſubjectos con" HPOS="907" VPOS="1186" WIDTH="2115" HEIGHT="115"/>
          </TextLine>

          
          
          <TextLine ID="eSc_line_ee534244" BASELINE="914 1376 3018 1360" HPOS="912" VPOS="1282" WIDTH="2106" HEIGHT="127">
            <Shape><Polygon POINTS="914 1376 919 1409 935 1397 1151 1404 1210 1407 1212 1407 1245 1404 1346 1395 1455 1402 1509 1404 1511 1404 1513 1404 1525 1400 1553 1393 1847 1397 2078 1400 2080 1400 2082 1400 2103 1393 2122 1388 2244 1393 2409 1397 2411 1397 3015 1381 3018 1360 3013 1296 2931 1282 2928 1282 2411 1299 2099 1289 2096 1289 2094 1289 2092 1289 2073 1301 1814 1289 1812 1289 1810 1289 1748 1303 1513 1292 1511 1292 1363 1303 1264 1294 1262 1294 1259 1294 1205 1308 973 1296 970 1296 968 1296 912 1310 914 1376"/></Shape>
	    <String CONTENT="el ſeñoꝛ pꝛincipal : ⁊ aſſi como venian y entrauan a ha⸗" HPOS="912" VPOS="1282" WIDTH="2106" HEIGHT="127"/>
          </TextLine>

          
          
          <TextLine ID="eSc_line_a6994513" BASELINE="914 1473 3011 1459" HPOS="912" VPOS="1379" WIDTH="2099" HEIGHT="119">
            <Shape><Polygon POINTS="914 1473 914 1498 1621 1489 1878 1498 1927 1498 1929 1498 1946 1498 2040 1487 2275 1496 2308 1496 2310 1496 2329 1496 2482 1484 2625 1494 2632 1494 2635 1494 2637 1494 2686 1482 3006 1491 3011 1459 3004 1379 2910 1393 2888 1379 2886 1379 2884 1379 2705 1379 2703 1379 2700 1379 2696 1379 2656 1397 2569 1397 2548 1381 2545 1381 2543 1381 2541 1381 2529 1381 2289 1400 2169 1400 2132 1383 2129 1383 2127 1383 2125 1383 2120 1383 2056 1397 2014 1383 2009 1383 2007 1383 2005 1383 1995 1383 1948 1395 1908 1386 1906 1386 1904 1386 1901 1386 1899 1386 1880 1400 1810 1386 1805 1386 1802 1386 1791 1386 1638 1400 1617 1386 1614 1386 1612 1386 1610 1386 1607 1386 1603 1388 1553 1404 1386 1404 1356 1388 1353 1388 1351 1388 1349 1388 1339 1388 1255 1404 912 1393 914 1473"/></Shape>
	    <String CONTENT="blar al capitan ꝺelos eſpañoles: luego eran pꝛeſos ſin q̃" HPOS="912" VPOS="1379" WIDTH="2099" HEIGHT="119"/>
          </TextLine>

          
          
          <TextLine ID="eSc_line_b3b88808" BASELINE="919 1569 3022 1552" HPOS="916" VPOS="1477" WIDTH="2106" HEIGHT="108">
            <Shape><Polygon POINTS="919 1569 919 1585 3022 1571 3022 1552 3015 1480 2548 1489 2498 1484 2418 1477 2416 1477 2414 1477 2411 1477 2402 1487 2397 1491 2195 1491 2179 1489 2134 1480 2132 1480 2129 1480 2127 1480 2117 1489 2113 1491 2099 1489 2038 1482 2035 1482 2033 1482 2007 1491 1995 1494 1972 1491 1899 1482 1896 1482 1835 1494 1814 1496 1751 1494 1527 1484 1525 1484 1523 1484 1520 1484 1506 1496 1502 1498 1478 1498 1325 1487 1323 1487 1224 1501 1217 1501 1201 1489 1198 1489 1196 1489 1055 1489 1053 1489 916 1503 919 1569"/></Shape>
	    <String CONTENT="nadie los ſintieſſe que pudieſſe lleuar las nueuas. Aui" HPOS="916" VPOS="1477" WIDTH="2106" HEIGHT="108"/>
          </TextLine>

          
          
          <TextLine ID="eSc_line_8786f958" BASELINE="923 1663 3025 1651" HPOS="921" VPOS="1571" WIDTH="2104" HEIGHT="118">
            <Shape><Polygon POINTS="923 1663 923 1684 2181 1689 2183 1689 2247 1677 2256 1677 2294 1677 2519 1686 2522 1686 3022 1672 3025 1651 3022 1588 2961 1571 2959 1571 2849 1571 2846 1571 2844 1571 2841 1571 2818 1585 2764 1571 2762 1571 2604 1571 2602 1571 2461 1574 2458 1574 2416 1588 2226 1576 2223 1576 2221 1576 2179 1590 2089 1576 2087 1576 2085 1576 2082 1576 2061 1592 1882 1592 1828 1576 1826 1576 1824 1576 1821 1576 1758 1592 1704 1581 1701 1581 1699 1581 1697 1581 1678 1595 1551 1595 1473 1578 1471 1578 1469 1578 1431 1592 1375 1578 1372 1578 1370 1578 1281 1581 1278 1581 1276 1581 1257 1595 1224 1581 1222 1581 1220 1581 1217 1581 1187 1597 1071 1597 1050 1581 1048 1581 1046 1581 1043 1581 1041 1581 1039 1581 1017 1597 921 1597 923 1663"/></Shape>
	    <String CONTENT="anles pedido cinco / o ſeys mil yndios q̃ les lleuaſſen" HPOS="921" VPOS="1571" WIDTH="2104" HEIGHT="118"/>
          </TextLine>

          
          
          <TextLine ID="eSc_line_e3bee42c" BASELINE="926 1762 3022 1743" HPOS="923" VPOS="1665" WIDTH="2099" HEIGHT="118">
            <Shape><Polygon POINTS="926 1762 926 1783 3020 1764 3022 1743 3018 1679 2832 1665 2830 1665 2827 1665 2787 1677 2762 1665 2759 1665 2757 1665 2637 1679 2630 1679 2623 1679 2526 1668 2524 1668 2522 1668 2479 1679 2470 1682 2430 1679 2256 1670 2254 1670 2251 1670 2249 1670 2233 1682 2226 1684 2169 1682 2033 1672 2030 1672 2028 1672 1991 1682 1967 1686 1944 1682 1908 1675 1906 1675 1788 1682 1687 1689 1629 1682 1572 1677 1570 1677 1499 1684 1412 1691 923 1686 926 1762"/></Shape>
	    <String CONTENT="las cargas: vinieron todos luego ⁊ metenlos en el pa⸗" HPOS="923" VPOS="1665" WIDTH="2099" HEIGHT="118"/>
          </TextLine>

          
          
          <TextLine ID="eSc_line_3c0351d2" BASELINE="926 1856 3032 1844" HPOS="923" VPOS="1762" WIDTH="2109" HEIGHT="112">
            <Shape><Polygon POINTS="926 1856 926 1874 3030 1865 3032 1844 3027 1778 2853 1778 2813 1762 2811 1762 2809 1762 2705 1776 2686 1762 2684 1762 2682 1762 2611 1762 2609 1762 2606 1762 2541 1778 2517 1764 2515 1764 2512 1764 2390 1764 2388 1764 2385 1764 2383 1764 2360 1778 2284 1764 2282 1764 2200 1778 2106 1769 2103 1769 2101 1769 2099 1769 2080 1783 1899 1783 1831 1766 1828 1766 1826 1766 1763 1783 1706 1769 1704 1769 1701 1769 1636 1783 1537 1769 1534 1769 1462 1783 1391 1769 1389 1769 1386 1769 1342 1787 1039 1787 1001 1773 999 1773 996 1773 923 1787 926 1856"/></Shape>
	    <String CONTENT="tio ꝺelas caſas. Oler a eſtos yndios quando ſe aparejan" HPOS="923" VPOS="1762" WIDTH="2109" HEIGHT="112"/>
          </TextLine>

          
          
          <TextLine ID="eSc_line_9bf01301" BASELINE="923 1954 3041 1938" HPOS="921" VPOS="1860" WIDTH="2120" HEIGHT="125">
            <Shape><Polygon POINTS="923 1954 923 1975 1147 1985 1149 1985 1198 1975 1227 1971 1236 1975 1245 1980 1248 1980 1250 1980 1403 1975 1619 1968 1687 1975 1744 1980 1746 1980 1835 1975 1965 1966 2068 1973 2125 1978 2127 1978 2153 1973 2209 1964 2378 1973 2430 1975 2432 1975 2454 1973 2538 1961 2658 1973 2672 1973 2675 1973 2677 1973 2682 1973 2736 1959 2783 1971 2785 1971 2787 1971 2790 1971 2827 1959 2853 1971 2856 1971 2858 1971 2959 1959 3039 1971 3041 1938 3034 1860 921 1884 923 1954"/></Shape>
	    <String CONTENT="para lleuar las cargas ꝺelos eſpañoles : es auer ꝺellos" HPOS="921" VPOS="1860" WIDTH="2120" HEIGHT="125"/>
          </TextLine>

          
          
          <TextLine ID="eSc_line_8309788d" BASELINE="928 2048 3034 2034" HPOS="926" VPOS="1954" WIDTH="2108" HEIGHT="120">
            <Shape><Polygon POINTS="928 2048 928 2074 3032 2060 3034 2034 3027 1961 2964 1968 2943 1961 2921 1954 2919 1954 2917 1954 2914 1954 2884 1961 2856 1968 2799 1964 2715 1954 2712 1954 2710 1954 2691 1964 2677 1971 2642 1964 2609 1959 2606 1959 2564 1966 2529 1971 2508 1966 2470 1957 2468 1957 2465 1957 2463 1957 2461 1957 2444 1966 2437 1971 2425 1966 2397 1957 2395 1957 2392 1957 2322 1968 2313 1968 2301 1968 2195 1959 2193 1959 2127 1971 2106 1973 2080 1971 1981 1959 1979 1959 1831 1973 1802 1975 1779 1973 1629 1961 1626 1961 1542 1978 1530 1980 926 1982 928 2048"/></Shape>
	    <String CONTENT="vna gran compaſſion y laſtima. Poꝛq̃ vienen ḋſnudos" HPOS="926" VPOS="1954" WIDTH="2108" HEIGHT="120"/>
          </TextLine>

          
          
          <TextLine ID="eSc_line_4ef7aa30" BASELINE="928 2140 3034 2128" HPOS="926" VPOS="2051" WIDTH="2108" HEIGHT="115">
            <Shape><Polygon POINTS="928 2140 928 2161 2583 2166 2585 2166 2588 2166 2611 2154 2983 2163 2985 2163 2987 2163 3034 2149 3034 2128 3030 2065 2613 2051 2611 2051 2609 2051 2576 2065 2508 2053 2505 2053 2503 2053 2501 2053 2482 2065 2052 2055 2049 2055 2047 2055 2045 2055 2026 2069 1868 2069 1770 2055 1767 2055 1765 2055 1725 2069 1553 2058 1551 2058 1448 2069 1401 2058 1398 2058 1396 2058 1316 2074 926 2074 928 2140"/></Shape>
	    <String CONTENT="encueros ſolamẽte cubiertas ſus verguenças ⁊ cõ vnaz" HPOS="926" VPOS="2051" WIDTH="2108" HEIGHT="115"/>
          </TextLine>

          
          
          <TextLine ID="eSc_line_9a6f0abc" BASELINE="933 2241 3037 2222" HPOS="930" VPOS="2147" WIDTH="2107" HEIGHT="115">
            <Shape><Polygon POINTS="933 2241 933 2262 3034 2246 3037 2222 3032 2159 2510 2147 2508 2147 2402 2161 2080 2152 2078 2152 2016 2163 1631 2156 1629 2156 1558 2168 1476 2156 1473 2156 1471 2156 1469 2156 1452 2168 1389 2159 1386 2159 1283 2170 1196 2159 1194 2159 1191 2159 1130 2173 1041 2161 1039 2161 930 2175 933 2241"/></Shape>
	    <String CONTENT="redezillas enel ombꝛo con ſu pobꝛe comida: ponen ſe to" HPOS="930" VPOS="2147" WIDTH="2107" HEIGHT="115"/>
          </TextLine>

          
          
          <TextLine ID="eSc_line_b1fd8729" BASELINE="933 2337 3041 2321" HPOS="930" VPOS="2239" WIDTH="2111" HEIGHT="119">
            <Shape><Polygon POINTS="933 2337 933 2358 3041 2340 3041 2321 3039 2255 2997 2241 2994 2241 2992 2241 2865 2253 2738 2239 2736 2239 2651 2255 2524 2241 2522 2241 2519 2241 2484 2255 2409 2243 2407 2243 2404 2243 2402 2243 2385 2255 2369 2246 2367 2246 2364 2246 2362 2246 2360 2246 2341 2260 2230 2260 2179 2243 2176 2243 2174 2243 2172 2243 2134 2260 2101 2246 2099 2246 2096 2246 2009 2260 1866 2250 1864 2250 1772 2262 1711 2248 1708 2248 1706 2248 1704 2248 1701 2248 1680 2264 1520 2264 1339 2250 1337 2250 1335 2250 1332 2250 1311 2267 1196 2269 1024 2269 973 2253 970 2253 968 2253 966 2253 930 2267 933 2337"/></Shape>
	    <String CONTENT="dos en cuclillas : como vnos coꝛderos muy mãſos. To" HPOS="930" VPOS="2239" WIDTH="2111" HEIGHT="119"/>
          </TextLine>

          
          
          <TextLine ID="eSc_line_8449a456" BASELINE="933 2434 3034 2415" HPOS="930" VPOS="2335" WIDTH="2104" HEIGHT="122">
            <Shape><Polygon POINTS="933 2434 933 2455 1979 2457 1981 2457 2266 2443 2308 2443 2334 2443 2505 2452 2508 2452 2510 2452 2545 2441 2552 2441 2581 2441 2766 2450 2769 2450 3032 2436 3034 2415 3032 2349 2994 2335 2992 2335 2990 2335 2910 2347 2769 2337 2766 2337 2764 2337 2740 2349 2590 2337 2588 2337 2505 2351 2482 2340 2479 2340 2477 2340 2308 2351 2249 2340 2247 2340 2244 2340 2183 2354 2063 2342 2061 2342 1932 2356 1798 2344 1795 2344 1654 2347 1652 2347 1650 2347 1631 2358 1415 2349 1412 2349 1353 2361 1302 2349 1299 2349 1297 2349 1295 2349 1292 2349 1274 2363 1017 2363 973 2351 970 2351 968 2351 966 2351 930 2365 933 2434"/></Shape>
	    <String CONTENT="dos ayuntados ⁊ juntos enel patio con otras gentes" HPOS="930" VPOS="2335" WIDTH="2104" HEIGHT="122"/>
          </TextLine>

          
          
          <TextLine ID="eSc_line_92b053b1" BASELINE="933 2528 3039 2511" HPOS="930" VPOS="2431" WIDTH="2109" HEIGHT="129">
            <Shape><Polygon POINTS="933 2528 933 2560 1053 2549 1163 2558 1170 2558 1172 2558 1182 2558 1295 2546 1668 2551 1831 2553 1833 2553 1866 2549 1920 2542 2030 2546 2122 2551 2125 2551 2155 2546 2188 2539 2294 2544 2430 2549 2432 2549 3037 2532 3039 2511 3034 2445 2978 2431 2975 2431 2719 2445 2571 2434 2569 2434 2430 2445 2395 2436 2392 2436 2390 2436 2388 2436 2385 2436 2371 2448 2355 2436 2353 2436 2350 2436 2348 2436 2235 2448 2219 2436 2216 2436 2214 2436 2211 2436 2209 2436 2160 2448 2056 2438 2054 2438 2052 2438 2021 2450 1918 2441 1915 2441 1831 2452 1791 2441 1788 2441 1786 2441 1673 2452 1532 2441 1530 2441 1527 2441 1485 2455 1309 2443 1306 2443 1304 2443 1281 2455 1154 2445 1151 2445 930 2459 933 2528"/></Shape>
	    <String CONTENT="que abueltas eſtauan : ponenſe alas puertas ꝺel patio" HPOS="930" VPOS="2431" WIDTH="2109" HEIGHT="129"/>
          </TextLine>

          
          
          <TextLine ID="eSc_line_a87cb12d" BASELINE="933 2626 3037 2607" HPOS="930" VPOS="2525" WIDTH="2107" HEIGHT="122">
            <Shape><Polygon POINTS="933 2626 933 2647 3034 2629 3037 2607 3027 2530 2987 2539 2870 2532 2773 2525 2771 2525 2769 2525 2745 2532 2719 2542 2696 2535 2675 2528 2672 2528 2670 2528 2668 2528 2644 2535 2628 2539 2588 2535 2512 2528 2510 2528 2508 2528 2505 2528 2494 2537 2487 2542 2470 2537 2442 2530 2440 2530 2437 2530 2435 2530 2404 2537 2381 2544 2275 2539 2089 2532 2087 2532 2014 2544 1979 2549 1889 2546 1685 2537 1683 2537 1680 2537 1678 2537 1661 2549 1657 2551 1633 2549 1511 2537 1509 2537 1506 2537 1459 2551 1452 2556 1274 2556 1274 2553 1215 2539 1212 2539 1210 2539 1208 2539 1205 2539 1187 2556 1184 2556 1177 2556 1006 2542 1003 2542 930 2558 933 2626"/></Shape>
	    <String CONTENT="eſpañoles armados que guardaſſen: y todos los ḋ mas" HPOS="930" VPOS="2525" WIDTH="2107" HEIGHT="122"/>
          </TextLine>

          
          
          <TextLine ID="eSc_line_0426336c" BASELINE="933 2720 3041 2704" HPOS="930" VPOS="2629" WIDTH="2111" HEIGHT="126">
            <Shape><Polygon POINTS="933 2720 933 2744 1227 2755 1229 2755 1297 2741 1306 2741 1356 2741 1741 2751 1744 2751 1819 2739 2063 2748 2066 2748 2259 2734 2275 2734 2287 2734 2423 2746 2425 2746 2484 2732 2491 2732 2505 2732 2616 2744 2618 2744 2621 2744 2668 2732 2670 2732 2675 2732 2837 2741 2839 2741 3039 2727 3041 2704 3037 2631 2341 2629 2338 2629 2280 2638 2261 2640 2237 2638 2139 2629 2136 2629 2134 2629 2106 2640 2096 2645 1894 2645 1889 2643 1835 2631 1833 2631 1831 2631 1795 2643 1788 2645 1772 2645 1680 2633 1678 2633 1676 2633 1673 2633 1657 2645 1654 2645 1647 2645 1504 2636 1502 2636 1215 2650 1203 2650 1196 2650 1039 2638 1036 2638 930 2652 933 2720"/></Shape>
	    <String CONTENT="echan mano a ſus eſpadas y meten a eſpada y alãçalas" HPOS="930" VPOS="2629" WIDTH="2111" HEIGHT="126"/>
          </TextLine>

          
          
          <TextLine ID="eSc_line_5148fcb0" BASELINE="937 2816 3041 2795" HPOS="935" VPOS="2723" WIDTH="2106" HEIGHT="129">
            <Shape><Polygon POINTS="937 2816 937 2838 1041 2838 1043 2838 1076 2852 1078 2852 1081 2852 1161 2835 1172 2835 1191 2835 1361 2849 1363 2849 1365 2849 1403 2833 1405 2833 1412 2833 1485 2847 1487 2847 1490 2847 1539 2833 1544 2833 1868 2845 1871 2845 1873 2845 1929 2828 1932 2828 1991 2842 1993 2842 1995 2842 2122 2826 2129 2826 2139 2826 2313 2835 2315 2835 2317 2835 2320 2835 2338 2824 2374 2838 2376 2838 2378 2840 2484 2840 2484 2838 2487 2838 2489 2838 2512 2824 2804 2835 2806 2835 2809 2835 2844 2816 3041 2814 3041 2795 3037 2737 2893 2723 2891 2723 2804 2737 2799 2737 2792 2737 2621 2725 2618 2725 2428 2727 2425 2727 2400 2739 2338 2727 2336 2727 2334 2727 2296 2741 2291 2741 2280 2741 2188 2730 2186 2730 2103 2741 2082 2746 1800 2746 1795 2744 1774 2734 1772 2734 1770 2734 1767 2734 1737 2744 1727 2746 1659 2744 1403 2737 1401 2737 1295 2746 1250 2751 935 2751 937 2816"/></Shape>
	    <String CONTENT="todas aquellas ouejas que vno ni ninguno pudo eſca⸗" HPOS="935" VPOS="2723" WIDTH="2106" HEIGHT="129"/>
          </TextLine>

          
          
          <TextLine ID="eSc_line_c723e266" BASELINE="937 2918 3039 2894" HPOS="935" VPOS="2821" WIDTH="2104" HEIGHT="120">
            <Shape><Polygon POINTS="937 2918 937 2941 3037 2910 3039 2894 3034 2824 2599 2821 2597 2821 2548 2831 2526 2833 2519 2831 2501 2821 2498 2821 2496 2821 2364 2833 2320 2835 2306 2833 2254 2821 2251 2821 2089 2835 2066 2838 2056 2838 1995 2824 1993 2824 1991 2824 1965 2838 1960 2840 1951 2838 1889 2826 1887 2826 1758 2842 1739 2842 1723 2842 1577 2828 1574 2828 1572 2828 1530 2845 1527 2845 1523 2845 1431 2831 1429 2831 1332 2847 1328 2847 1325 2847 1196 2833 1194 2833 1191 2833 1154 2847 1135 2835 1133 2835 1130 2835 1128 2835 1046 2849 980 2838 977 2838 975 2838 935 2852 937 2918"/></Shape>
	    <String CONTENT="parſe que no fueſſe trucidado. Acabo ꝺe ꝺos/ o tres ꝺias" HPOS="935" VPOS="2821" WIDTH="2104" HEIGHT="120"/>
          </TextLine>

          
          
          <TextLine ID="eSc_line_aea4e0a7" BASELINE="940 3007 3039 2993" HPOS="937" VPOS="2908" WIDTH="2102" HEIGHT="120">
            <Shape><Polygon POINTS="940 3007 940 3028 2646 3028 2646 3026 2649 3026 2700 3014 3008 3023 3011 3023 3013 3023 3039 3009 3039 2993 3037 2925 3001 2908 2999 2908 2997 2908 2686 2925 2489 2910 2487 2910 2329 2925 2303 2913 2301 2913 2298 2913 2188 2925 2139 2913 2136 2913 2134 2913 2063 2927 1988 2913 1986 2913 1899 2915 1896 2915 1894 2915 1875 2929 1840 2915 1838 2915 1835 2915 1748 2929 1659 2915 1657 2915 1654 2915 1652 2915 1633 2932 1589 2918 1586 2918 1584 2918 1582 2918 1532 2934 1393 2934 1361 2918 1358 2918 1356 2918 1353 2918 1325 2932 1271 2922 1269 2922 1050 2934 982 2922 980 2922 977 2922 937 2936 940 3007"/></Shape>
	    <String CONTENT="ſaltan muchos yndios biuos llenos ꝺe ſangre que ſe a" HPOS="937" VPOS="2908" WIDTH="2102" HEIGHT="120"/>
          </TextLine>

          
          
          <TextLine ID="eSc_line_22f03d93" BASELINE="940 3103 3037 3087" HPOS="937" VPOS="3009" WIDTH="2100" HEIGHT="125">
            <Shape><Polygon POINTS="940 3103 940 3134 3034 3108 3037 3087 3032 3023 2921 3009 2919 3009 2917 3009 2914 3009 2896 3023 2590 3023 2435 3009 2432 3009 2315 3026 2139 3011 2136 3011 2134 3011 2103 3028 2063 3014 2061 3014 1960 3014 1958 3014 1955 3014 1953 3014 1932 3028 1610 3016 1607 3016 1532 3033 1436 3019 1433 3019 1346 3033 1198 3021 1196 3021 1194 3021 1191 3021 1168 3037 1064 3037 1024 3021 1022 3021 1020 3021 937 3037 940 3103"/></Shape>
	    <String CONTENT="uian eſcondido ⁊ amparado ꝺebaxo ꝺelos muertos (co" HPOS="937" VPOS="3009" WIDTH="2100" HEIGHT="125"/>
          </TextLine>

          
          
          <TextLine ID="eSc_line_3f821fad" BASELINE="942 3202 3032 3181" HPOS="940" VPOS="3101" WIDTH="2092" HEIGHT="122">
            <Shape><Polygon POINTS="942 3202 942 3223 3030 3204 3032 3181 3030 3115 2975 3101 2973 3101 2971 3101 2968 3101 2966 3101 2947 3115 2874 3115 2729 3115 2724 3115 2663 3101 2660 3101 2573 3103 2571 3103 2569 3103 2550 3115 2545 3117 2515 3115 2341 3103 2338 3103 2336 3103 2334 3103 2317 3117 2313 3120 2263 3117 2108 3105 2106 3105 2103 3105 2075 3117 2063 3122 2023 3117 1948 3108 1946 3108 1779 3117 1636 3127 1598 3120 1567 3113 1565 3113 1563 3113 1544 3120 1525 3124 1450 3120 1412 3117 1410 3117 1408 3117 1405 3117 1403 3120 1391 3129 1372 3120 1363 3115 1361 3115 1358 3115 1297 3120 1158 3131 940 3122 942 3202"/></Shape>
	    <String CONTENT="mo eran tantos) yuan lloꝛanlo ante los eſpañoles pi⸗" HPOS="940" VPOS="3101" WIDTH="2092" HEIGHT="122"/>
          </TextLine>

          
          
          <TextLine ID="eSc_line_3387ac93" BASELINE="937 3298 3037 3282" HPOS="935" VPOS="3195" WIDTH="2102" HEIGHT="120">
            <Shape><Polygon POINTS="937 3298 937 3315 3034 3308 3037 3282 3030 3211 2790 3211 2743 3195 2740 3195 2738 3195 2618 3214 2611 3214 2609 3214 2571 3199 2569 3199 2432 3197 2430 3197 2428 3197 2385 3211 2247 3199 2244 3199 2054 3216 1948 3202 1946 3202 1944 3202 1941 3202 1918 3218 1915 3218 1791 3206 1788 3206 1786 3206 1748 3221 1746 3221 1739 3221 1673 3211 1671 3211 1549 3223 1527 3223 1523 3223 1485 3206 1483 3206 1480 3206 1408 3218 1325 3206 1323 3206 1238 3225 1231 3225 1224 3225 1180 3211 1177 3211 1175 3211 1107 3225 1102 3225 1097 3225 999 3209 996 3209 994 3209 935 3223 937 3298"/></Shape>
	    <String CONTENT="diendo miſericoꝛelia q̃ no los mataſſen . Delos q̃les nin" HPOS="935" VPOS="3195" WIDTH="2102" HEIGHT="120"/>
          </TextLine>

          
          
          <TextLine ID="eSc_line_4ddbf7c5" BASELINE="942 3392 3037 3373" HPOS="940" VPOS="3291" WIDTH="2097" HEIGHT="122">
            <Shape><Polygon POINTS="942 3392 942 3413 3034 3394 3037 3373 3032 3305 2874 3291 2872 3291 2317 3308 2251 3293 2249 3293 2174 3310 2000 3296 1998 3296 1911 3312 1727 3303 1725 3303 1723 3303 1687 3315 1483 3300 1480 3300 1389 3317 1349 3303 1346 3303 1234 3303 1231 3303 1095 3319 1008 3305 1006 3305 1003 3305 940 3322 942 3392"/></Shape>
	    <String CONTENT="gũa miſericoꝛda ni cõpaſſion ouieron: antes aſſi como" HPOS="940" VPOS="3291" WIDTH="2097" HEIGHT="122"/>
          </TextLine>

          
          
          <TextLine ID="eSc_line_898d6a9b" BASELINE="942 3488 3039 3472" HPOS="940" VPOS="3385" WIDTH="2099" HEIGHT="134">
            <Shape><Polygon POINTS="942 3488 942 3519 3037 3503 3039 3472 3037 3401 3015 3390 3013 3390 3011 3390 3008 3390 2888 3401 2804 3385 2802 3385 2799 3385 2736 3401 2472 3387 2470 3387 2468 3387 2432 3406 2195 3390 2193 3390 2099 3406 2063 3392 2061 3392 2059 3392 1993 3404 1936 3392 1934 3392 1833 3411 1727 3397 1725 3397 1560 3411 1525 3397 1523 3397 1520 3397 1436 3413 1351 3397 1349 3397 1346 3397 1314 3413 1238 3397 1236 3397 1234 3397 1177 3416 1081 3399 1078 3399 940 3418 942 3488"/></Shape>
	    <String CONTENT="ſalian los hazian pedaços. A todos los ſeñoꝛes q̃ eran" HPOS="940" VPOS="3385" WIDTH="2099" HEIGHT="134"/>
          </TextLine>

          
          
          <TextLine ID="eSc_line_a2087ca4" BASELINE="944 3582 3025 3564" HPOS="942" VPOS="3491" WIDTH="2083" HEIGHT="110">
            <Shape><Polygon POINTS="944 3582 944 3601 3025 3589 3025 3564 3018 3491 942 3507 944 3582"/></Shape>
	    <String CONTENT="mas ꝺeciẽto y q̃ tenian atados mãdo el capitan q̃ mar" HPOS="942" VPOS="3491" WIDTH="2083" HEIGHT="110"/>
          </TextLine>

          
          
          <TextLine ID="eSc_line_06e6723d" BASELINE="949 3683 3044 3667" HPOS="947" VPOS="3578" WIDTH="2097" HEIGHT="171">
            <Shape><Polygon POINTS="949 3683 949 3728 1031 3745 1034 3745 1036 3745 1039 3745 1050 3735 1069 3749 1071 3749 1074 3749 1076 3749 1078 3749 1116 3728 1121 3726 1283 3726 1368 3726 1379 3728 1424 3747 1426 3747 1429 3747 1516 3735 1629 3745 1631 3745 1633 3745 1636 3745 1657 3728 1668 3723 1737 3723 1755 3728 1798 3745 1800 3745 1802 3745 1878 3728 1889 3728 1906 3728 2023 3742 2026 3742 2181 3728 2204 3728 2228 3728 2348 3740 2350 3740 2353 3740 2378 3728 2392 3723 2444 3728 2498 3735 2501 3735 2503 3735 2519 3728 2545 3721 2606 3728 2639 3733 2642 3733 2644 3733 2646 3733 2651 3728 2668 3716 2743 3728 2780 3735 2783 3735 3041 3728 3044 3667 3039 3589 2628 3578 2625 3578 2623 3578 2621 3578 2604 3589 2602 3589 2592 3589 2411 3580 2409 3580 2407 3580 2404 3580 2390 3589 2385 3592 2294 3592 1873 3582 1871 3582 1807 3592 1779 3596 1765 3592 1739 3585 1737 3585 1734 3585 1626 3594 1546 3599 1504 3594 1455 3587 1452 3587 1450 3587 1436 3594 1424 3599 1382 3594 1323 3587 1321 3587 1318 3587 1295 3594 1278 3599 947 3596 949 3683"/></Shape>
	    <String CONTENT="⁊ lacar biuos en palos bincados enla trr̃a. Pero vn ſe" HPOS="947" VPOS="3578" WIDTH="2097" HEIGHT="171"/>
          </TextLine>

          
        </TextBlock>
        

        
      </PrintSpace>
    </Page>
  </Layout>
</alto>
