3162 4229
989 422 2102 141 des eſtragos y matanças ⁊ ſeñaladas crueldades: y eſ⸗

989 516 2102 153 to comunmente ala coſta ꝺela mar ⁊ algunas leguas la

987 613 2104 148 trra ꝺẽtro haſta el año ḋ mil ⁊ q̄nientos y veynte y tres

992 707 2104 152 El año ꝺe mil ⁊ quinientos ⁊ veynte y tres fueron tira

989 803 2104 150 nos eſpañoles a eſtar ḋ aſſiento alla.Y poꝛque la tierra

987 899 2109 153 como ꝺicho es era rica: ſuſcedieron ꝺiuerſos capitanes

992 993 2108 144 vnos mas crueles que otros:que cada vno parecia que

996 1092 2100 150 tenia hecha pꝛofeſſion ꝺe hazer mas exoꝛbitantes cru

999 1188 2099 148 eldades y maldades que el otro: poꝛque ſalieſſe verdad

1001 1280 2099 143 la regla que arriba poſimos.El año ꝺe mil ⁊ quiniẽtos

1008 1381 2088 146 ⁊ veynte y nueue: fue vn gran tirano muy ꝺe pꝛopoſito

1008 1473 2097 152 ⁊ con mucha gente:ſin temoꝛ alguno ꝺe ꝺios ni compaſ

1010 1569 2095 153 ſion ꝺe humano linage : el qual hizo conella tan gran⸗

1008 1668 2102 145 des eſtragos/matanças/⁊ impiedades:que a todos los

1013 1759 2099 155 paſſados excedio: robo el y ellos muchos theſoꝛos en

1015 1858 2092 150 obꝛa ꝺe ſeys/o ſiete años que biuio. Deſpues ꝺe muer

1017 1957 2097 148 to ſin confeſſion y aun huyendo ꝺela reſidencia que te⸗

1017 2046 2100 155 nia:ſuſcedieron otros tiranos matadoꝛes y robadoꝛes

1020 2152 2094 143 que fueron aconſumir las gentes que ꝺelas manos y

1025 2243 2097 148 cruel cuchillo ꝺelos paſſaclos reſtauan. Eſtendieron ſe

1025 2337 2097 153 tanto poꝛ la tierra ꝺentro vaſtanclo y aſſolando gran⸗

1025 2436 2099 146 des ⁊ muchas pꝛouincias : matando y captiuando las

1032 2532 2094 146 gentes ꝺellas: poꝛ las maneras ſuſo ꝺichas ꝺelas otras:

1034 2626 2083 148 ꝺando grandes toꝛmentos a ſeñoꝛes y a vaſſallos:poꝛq̃

1036 2723 2097 157 ꝺeſcubꝛieſſen el oꝛo y los pueblos que lo tenian :excedi

1029 2824 2104 150 endo como es ꝺicho enlas obꝛas y numero ⁊ calidad a

1041 2915 2095 158 todos los paſſalos:tanto que ꝺeſde el año ꝺicho ḋ mil

1048 3011 2078 156 ⁊ quinientos y veynte y nueue haſta oy han ꝺeſpobla⸗

1046 3108 2087 162 do poꝛ aquella parte mas ꝺe quatro cientas leguas ꝺe

1053 3214 1829 148 tierra:que eſtaua aſſi poblada como las otras.

1064 3394 2067 151 ¶ Verdaderamente affirmo que ſi en particular ouie

1062 3495 2050 174 ra ꝺe referir las maldades/matanças/ꝺeſpoblaciones/
