3162 4229
938 422 2108 155 q̃ cuy dado tienen ꝺe que poꝛ aquellas animas ſe ſiẽbꝛe

947 521 2104 155 y crezca ⁊ ꝺilate ſu ſancta fee:⁊ jnzgueſe ſi fue menoꝛ pe

942 622 2109 139 cado eſte q̃ el ꝺe Jeroboan:qui peccare fecit iſrael hazi

952 716 2111 141 encdo los ꝺoz bezerros ꝺe oꝛoꝑa q̃ el pueblo adoꝛaſe /o ſi

954 815 2099 150 fue ygual al ꝺe Judas/o q̃ mas eſcandalo cauſaſſe. Eſ⸗

959 904 2099 150 tas pues ſon las obꝛas ꝺelos eſpañoles que van alaz yn

959 1000 2104 144 dias que verdaderamẽte muchas ⁊ infinitas vezes poꝛ

959 1097 2101 138 la cudicia q̃ tienen ꝺe oꝛo: han vendido y venden oy en

961 1205 1688 131 eſte ꝺia ⁊ niegan y reñiegan a jeſu Chꝛiſto.

975 1282 2090 160 ¶ Viſto poꝛ los ynlios / que no auia ſalido verdad lo

970 1386 2105 150 que los religioſos les auiã pꝛometido (que no auiã ꝺe

968 1480 2107 138 entrar eſpañoles en aquellas pꝛouincias:⁊ que los meſ

973 1576 2099 148 mos eſpañoles les trayan ydolos ꝺe otras trr̃as a ven⸗

975 1672 2095 151 der auiẽdo ellos entregado todos ſus ꝺioſes alos tray

977 1771 2098 146 les para que los quemaſſen poꝛ adoꝛar vn verdadero

980 1867 2095 137 ꝺios) alboꝛotaſe ⁊ indignaſe toda la tierra contra los

977 1961 2100 141 frayles ⁊ vanſe a ellos ꝺiziendo: poꝛque nos aueys mẽ

980 2062 2095 139 tido: engañando nos que no auiã ꝺe entrar eneſta tier

985 2156 2092 144 ra chꝛiſtianos. Y poꝛque nos aueys quemado nueſtros

985 2250 2097 146 ꝺioſes: pues nos traen a vender otros ꝺioſes ꝺe otras

987 2349 2097 132 pꝛouincias yueſtros rpianos. Poꝛ ventura no erã me

994 2450 2022 139 joꝛes nueſtros ꝺioſes que los ꝺelas otras naciones:

989 2542 2100 136 Los religioſos los aplacarõ lo mejoꝛ que pudiueron no

989 2638 2100 129 teniendo que reſponder. Vãſe a buſcar los treynta eſpa

994 2737 2095 131 ñoles: ⁊ ꝺizen les los ꝺaños que auian hecho:requierẽ

989 2833 2100 127 les que ſe vayan:no quiſieron:anies hizieron entender

992 2932 2104 126 alos yndios que los meſmos frayles los auian hecho

994 3026 2104 131 yenir alli :que fue malicia conſumada.Finalmente acu

994 3131 2099 130 erclan ꝺe matar los yndios los frayles: huyen los fray

996 3218 2090 127 les vna noche : poꝛ ciertos yndios que los auiſaron. Y

999 3315 2104 124 ꝺeſpues ꝺe ydos cayendo los yndios enla innocencia

1001 3409 2102 136 ⁊ virtud ꝺelos frayles ⁊ maldad ꝺelos eſpañoles: ẽbia

999 3503 2104 133 ron menſajeros cincuenta leguas tras ellos/rogãdoles

999 3599 2101 174 que ſe toꝛnaſſen ⁊ pidienloles perdon ꝺela alteracion
