3046 4229
4 406 2104 136 injuſticias /violencias / eſtragos y grandes peccados

21 512 2082 131 que los eſpañoles eneſtos reynos ꝺe ſancta Marta hã

14 613 2094 112 hecho ⁊ cometido contra ꝺios ⁊ contra el Rey ⁊ aque

16 704 2092 130 llas innocentes naciones:yo haria vna muy larga hyſ

11 812 2099 108 toꝛia/pero eſto quedarſe ha para ſu tiempo ſi ꝺios ꝺie⸗

14 895 2098 119 re la vida.Solo quiero aqui ꝺezir vnas pocas ꝺe pala

16 991 2103 132 bꝛas ꝺelas que eſcriue agoꝛa al rey nueſtro ſeñoꝛ el obiſ

14 1090 2098 115 po ꝺe aquella pꝛouincia y es la hecha ꝺela carta a veyn

7 1191 2096 117 te ꝺe mayo ꝺel año ꝺe mil ⁊ quiniẽtos ⁊ quarenta y vno

7 1292 2105 101 el qual entre otras palabꝛas ꝺize aſſi. Digo ſagrado

4 1376 2099 122 Ceſar que el medio para remediar eſta trr̃a es :que vu

2 1466 2099 136 eſtra Mageſtad la ſaque ya ꝺe poder ꝺe padraſtros y

4 1562 2097 129 le ꝺe marido que la tracte como es razõ y ella merece:y

7 1661 2103 124 eſte con toda bꝛeuedad: poꝛque ꝺe otra manera ſegũ la

9 1766 2101 122 aquexan ⁊ fatigan eſtos tiranos que tienen encargami

7 1856 2108 122 ento ꝺella: tengo poꝛ cierto que muy ayna ꝺexara d̉ ſer

7 1950 2101 119 etce.Y mas abaxo ꝺize : ꝺonde conoſcera vueſtra Ma⸗

16 2044 2089 126 geſtad:claramente : como los que gouiernan poꝛ eſtas

14 2142 2094 125 partes mereſcen ſer ꝺeſgouernados/para que las repu

16 2234 2092 129 blicas ſe aliuiaſſen. Y ſi eſto no ſe haze ami ver no tienẽ

7 2330 2101 127 cura ſus enfermedades. Y conoſcera tambien como en

7 2436 2096 117 eſtas partes no ay xp̃ianos:ſino ꝺemonios:ni ay ſerui

4 2530 2094 117 doꝛes ꝺe ꝺios ni ꝺ̉ rey:ſino traydoꝛes a ſu ley y aſu rey.

25 2621 2080 123 Poꝛq̃ en verdad quel mayoꝛ inconuiente que yo ha⸗

11 2715 2085 127 llo para traer los yndios ꝺe guerra y hazellos ꝺe paz/y

4 2807 2094 132 alos ꝺe paz al conoſcimiento ꝺe nueſtra fee:es el aſpero

9 2915 2099 120 ⁊ cruel tractamiento que los ꝺe paz reſciben ꝺ̉los chꝛiſ

14 3007 2087 127 tianos. Poꝛ lo qual eſtã tan eſcabꝛoſos ⁊ tã abiſpados:

7 3096 2094 129 que ninguna coſa les puede ſer mas odioſa ni aboꝛreci

9 3185 2092 144 ble q̃ el nõbꝛe ꝺe xp̃ianos. Alos q̃les ellos en toda eſla

47 3291 2047 120 trr̃a llamã en ſu lengua yares q̃ quiere ꝺezir ꝺ̉monios:

51 3380 2043 139 ⁊ ſin ꝺuda ellos tienen razon.Poꝛq̃ las obꝛas que aca

61 3484 2030 258 obꝛan/ni ſon ꝺe criſtianos nl ꝺe hombꝛes que tienen
