3162 4229
940 404 2099 148 mientos tomadas pꝛimero muchas infoꝛmaciones q̃

954 507 2102 136 hombꝛes eran aquellos que ſe ꝺezian padres ⁊ frayles

961 596 2095 155 y que era lo que pꝛetendian y en q̃ ꝺiffirian ꝺelos chꝛiſ

956 709 2104 132 tianos ꝺe quien tantos agrauios ⁊injuſticias auiã re

952 791 2104 141 cebido:finalimente acoꝛdaron ꝺe reſcebirlos con que ſo

959 885 2094 137 los ellos y no eſpañoles alla entraſen. Los religioſos

961 991 2092 129 ſe lo pꝛometieron poꝛque aſſi lo lleuauan cõcedido poꝛ

961 1085 2092 127 el Tlſorey ꝺla nueua eſpaña ⁊ cometido que les pꝛome

963 1172 2093 146 tieſſen que no entrariã mas alli eſpañoles:ſino religio

968 1273 2088 141 ſos / ni les ſeria hecho poꝛ los chꝛiſtianos algun agra⸗

947 1365 2113 133 uio. Pꝛedicaron les el euangelio ꝺ chꝛiſto como ſuelẽ

973 1470 2085 137 y la intincion ſancta ꝺlos reyes ꝺe eſpaña para cõellos :

968 1557 2088 136 ⁊ tanto amoꝛ y ſaboꝛ tomaron con la ꝺoctrina y exẽplo

968 1651 2095 143 ꝺelos frayles/⁊ tanto ſe holgaron ꝺelas nueuas ꝺelos

970 1747 2090 132 reyes ꝺe Caſtilla ( ꝺelos quales en todos los ſiete años

968 1841 2099 148 paſſados nunca los eſpañoles les ꝺieron noticia que a

968 1942 2095 139 uia otro Rey ſino aquel que alli los tiranizaua y ꝺeſ⸗

968 2039 2097 131 truya )que acabo ꝺe quarenta ꝺias que los frayles aui

973 2133 2094 136 an entrado ⁊ pꝛeqicado : los ſeñoꝛes ꝺela tierra les tru

975 2227 2092 141 xeron y entregaron todos ſus ydolos: que los quemaſ

975 2318 2097 134 ſen: y ꝺeſpues ꝺeſto ſus hijos para que los enſeñaſſen

977 2412 2095 148 que los quieren mas que las lumbꝛes ꝺe ſus ojos ⁊ les

980 2511 2092 134 hizieron ygleſias y templos ⁊ caſas/⁊ los combidauan

975 2607 2097 141 ꝺe otras pꝛouincias a que fueſſen a pꝛedicalles ⁊ ꝺalles

975 2711 2095 129 noticia ꝺe ꝺios y ꝺe aquel que ꝺezian que era grã rey

977 2805 2095 136 ꝺe caſtilla.Y perſuadidos ꝺelos frayles hizierõ vna co

977 2903 2095 130 ſa que nunca enlas yndias haſta oy ſe hizo:y todas las

975 2995 2102 139 que ſe fingen poꝛ algunos ꝺelos tiranos que alla hã ꝺeſ

973 3089 2102 136 truydo aquellos reynos ⁊ grãdes tierras:ſon falſedad

985 3188 2092 141 y mentira. Doze/o quinze ſeñoꝛes ꝺe muchos vaſſallos

982 3286 2100 130 ⁊ tierras/cada yno poꝛſi juntando ſus pueblos ⁊ tomã

985 3380 2099 137 do ſus votos ⁊ conſentimiento/ſe ſubjectaron ꝺe ſu pꝛo

987 3474 2099 127 pia voluntad al ſeñoꝛio ꝺelos reyes ꝺe caſtilla:reſcibiẽ

980 3575 2092 160 do al emperadoꝛ como rey ꝺe eſpaña poꝛ ſeñoꝛ ſupꝛelo
