<alto xmlns:xsi="http://www.w3.org/2001/XMLSchema-instance" xmlns="http://www.loc.gov/standards/alto/ns-v4#" xsi:schemaLocation="http://www.loc.gov/standards/alto/ns-v4# http://www.loc.gov/standards/alto/v4/alto-4-2.xsd">
  <Description>
    <MeasurementUnit>pixel</MeasurementUnit>
    <sourceImageInformation>
      <fileName>text_1uYWsVH.pdf_page_5.png</fileName>
      
    </sourceImageInformation>
  </Description>
  
  <Tags>
    <OtherTag ID="BT10" LABEL="TitlePageZone" DESCRIPTION="block type TitlePageZone"/><OtherTag ID="BT8" LABEL="RunningTitleZone" DESCRIPTION="block type RunningTitleZone"/><OtherTag ID="BT7" LABEL="QuireMarksZone" DESCRIPTION="block type QuireMarksZone"/><OtherTag ID="BT6" LABEL="DropCapitalZone" DESCRIPTION="block type DropCapitalZone"/><OtherTag ID="BT5" LABEL="MainZone" DESCRIPTION="block type MainZone"/>
    <OtherTag ID="LT5" LABEL="DefaultLine" DESCRIPTION="line type DefaultLine"/>
  </Tags>
  
  <Layout>
    <Page WIDTH="3162" HEIGHT="4229" PHYSICAL_IMG_NR="4" ID="eSc_dummypage_">
      <PrintSpace HPOS="0" VPOS="0" WIDTH="3162" HEIGHT="4229">
        
        <TextBlock HPOS="940" VPOS="385" WIDTH="2174" HEIGHT="3343" ID="eSc_textblock_594e38f4" TAGREFS="BT5">
          <Shape><Polygon POINTS="1530 385 2785 385 3086 432 3105 1482 3077 1520 3105 1560 3114 1973 3114 3690 3086 3719 1069 3728 977 3700 940 479 1015 404 1530 385"/></Shape>
          
          
          <TextLine ID="eSc_line_85b03402" BASELINE="956 495 1944 479 3065 483" HPOS="954" VPOS="394" WIDTH="2111" HEIGHT="115">
            <Shape><Polygon POINTS="2952 420 2929 418 2905 418 2882 418 2858 418 2835 418 2811 418 2788 415 2764 415 2741 415 2717 415 2694 415 2670 415 2647 413 2623 413 2600 413 2576 413 2553 413 2529 413 2506 411 2482 411 2459 411 2435 411 2412 411 2388 411 2365 408 2341 408 2318 408 2294 408 2270 408 2247 408 2223 406 2200 406 2176 406 2153 406 2129 406 2106 406 2082 404 2059 404 2035 404 2012 404 1988 404 1965 404 1941 401 1918 401 1894 401 1871 401 1847 401 1824 401 1800 399 1777 399 1753 399 1730 399 1706 399 1683 399 1659 397 1636 397 1612 397 1589 397 1565 397 1542 397 1518 394 1495 394 1471 394 1448 394 1424 394 1401 394 1379 394 966 413 954 429 956 495 956 509 3063 507 3065 483 2955 420 2952 420"/></Shape>
	    <String CONTENT="injuſtamente. Aſſi meſmo Aluis gran ſeñoꝛ ꝺelos que" HPOS="954" VPOS="394" WIDTH="2111" HEIGHT="115"/>
          </TextLine>

          
          
          <TextLine ID="eSc_line_2db1ce75" BASELINE="961 589 1998 575 3067 577" HPOS="959" VPOS="493" WIDTH="2108" HEIGHT="129">
            <Shape><Polygon POINTS="961 589 961 610 1372 622 1375 622 1377 622 1379 622 1394 610 1396 608 1436 608 1680 620 1683 620 1685 620 1687 620 1706 608 1709 606 1864 606 1873 606 1920 617 1923 617 1981 606 1988 606 2014 606 2235 617 2238 617 2240 617 2270 606 2275 603 2555 603 2557 603 2597 615 2600 615 2602 615 2710 603 2729 601 2776 601 3046 613 3049 613 3051 613 3053 613 3067 601 3067 577 3065 509 2863 507 2837 493 2835 493 2832 493 2767 507 2731 493 2729 493 2727 493 2602 509 2548 493 2546 493 2543 493 2444 509 2423 495 2421 495 2419 495 2325 493 2322 493 2320 493 2270 505 2223 495 2221 495 2219 495 2188 512 2136 498 2134 498 2132 498 2129 498 2078 512 2059 498 2057 498 2054 498 1963 495 1960 495 1958 495 1955 495 1932 512 1826 495 1824 495 1821 495 1760 514 1422 498 1419 498 959 519 961 589"/></Shape>
	    <String CONTENT="auia en Duito quemaron los pies ⁊ le ꝺierõ otros mu" HPOS="959" VPOS="493" WIDTH="2108" HEIGHT="129"/>
          </TextLine>

          
          
          <TextLine ID="eSc_line_9ef9031d" BASELINE="961 686 3075 671" HPOS="959" VPOS="589" WIDTH="2116" HEIGHT="118">
            <Shape><Polygon POINTS="961 686 961 704 2717 707 2720 707 3075 690 3075 671 3070 606 2858 589 2856 589 2854 589 2851 589 2830 603 2724 592 2722 592 2720 592 2717 592 2701 608 2588 608 2468 592 2466 592 2463 592 2435 606 2405 592 2402 592 2400 592 2397 592 2395 592 2379 603 2332 594 2329 594 2226 608 2120 594 2118 594 1897 606 1739 596 1737 596 1659 613 1577 601 1575 601 1455 613 1410 599 1408 599 1405 599 1403 599 1368 613 1210 603 1208 603 1206 603 1203 603 1184 617 1067 617 1034 601 1032 601 1029 601 959 617 961 686"/></Shape>
	    <String CONTENT="chos toꝛmentos: poꝛque ꝺixeſe ꝺonde eſtaua el oꝛo ꝺe a" HPOS="959" VPOS="589" WIDTH="2116" HEIGHT="118"/>
          </TextLine>

          
          
          <TextLine ID="eSc_line_a7cc0d50" BASELINE="968 780 2010 770 3075 775" HPOS="966" VPOS="688" WIDTH="2109" HEIGHT="113">
            <Shape><Polygon POINTS="968 780 968 801 3072 798 3075 775 3072 697 3056 688 3053 688 3051 688 3049 688 2943 702 2908 688 2905 688 2903 688 2788 700 2687 688 2684 688 2682 688 2680 688 2658 704 2529 704 2433 688 2430 688 2428 688 2374 702 2273 688 2270 688 2141 702 2071 693 2068 693 2066 693 2064 693 2047 704 1946 690 1944 690 1850 704 1831 690 1829 690 1826 690 1824 690 1821 690 1798 702 1782 690 1779 690 1777 690 1666 690 1664 690 1662 690 1633 704 1593 693 1591 693 1589 693 1438 704 1410 693 1408 693 1175 690 1173 690 1097 704 1079 690 1076 690 1074 690 1072 690 966 707 968 780"/></Shape>
	    <String CONTENT="tabaliba/ꝺl qual theſoꝛo (como parecio) no ſabia el na" HPOS="966" VPOS="688" WIDTH="2109" HEIGHT="113"/>
          </TextLine>

          
          
          <TextLine ID="eSc_line_97418011" BASELINE="970 881 1796 869 3070 871" HPOS="968" VPOS="787" WIDTH="2102" HEIGHT="122">
            <Shape><Polygon POINTS="970 881 970 899 1709 909 1711 909 1713 909 1739 897 1742 897 1744 897 1779 906 1782 906 1784 906 1946 897 1979 895 1981 897 2002 906 2005 906 2007 906 2212 895 2233 895 2249 895 2461 906 2463 906 2781 892 2797 892 2799 892 2816 904 2818 904 2821 904 2823 906 3013 906 3013 904 3016 904 3070 890 3070 871 3067 801 2767 787 2764 787 2762 787 2759 787 2741 801 2680 801 2581 801 2576 801 2534 789 2531 789 2529 789 2407 801 2402 801 2397 801 2306 789 2303 789 2301 789 2263 801 2259 801 2050 789 2047 789 1758 803 1727 803 1676 803 1187 791 1184 791 1043 803 1025 791 1022 791 1020 791 1017 791 1015 791 968 803 970 881"/></Shape>
	    <String CONTENT="da. Aſſi meſmo quemaron en Duito a Coçopãga/go" HPOS="968" VPOS="787" WIDTH="2102" HEIGHT="122"/>
          </TextLine>

          
          
          <TextLine ID="eSc_line_a3c2fd8d" BASELINE="970 977 1763 965 3075 965" HPOS="968" VPOS="883" WIDTH="2107" HEIGHT="124">
            <Shape><Polygon POINTS="970 977 970 991 1123 1005 1126 1007 1518 1007 1518 1005 1521 1005 1568 991 1575 991 1845 991 1850 991 1864 1003 1866 1003 1868 1003 1871 1003 2285 1000 2287 1000 2320 991 2336 989 2343 991 2355 1000 2357 1000 2360 1000 2362 1000 2365 1000 2395 991 2409 989 2423 991 2449 1000 2452 1000 2454 1000 3075 991 3075 965 3072 899 2983 899 2952 883 2950 883 2948 883 2670 899 2663 899 2658 899 2524 885 2522 885 2520 885 2470 899 2419 885 2416 885 2414 885 2176 888 2174 888 2172 888 2148 902 2097 888 2094 888 2092 888 2010 899 1897 888 1894 888 1892 888 1859 902 1718 888 1716 888 1636 904 1318 904 1243 890 1241 890 1238 890 1236 890 1217 904 1149 892 1147 892 968 906 970 977"/></Shape>
	    <String CONTENT="uernadoꝛ que era ꝺe todas las pꝛouincias ꝺe Duito." HPOS="968" VPOS="883" WIDTH="2107" HEIGHT="124"/>
          </TextLine>

          
          
          <TextLine ID="eSc_line_9e8b5891" BASELINE="975 1076 1676 1061 3082 1061" HPOS="973" VPOS="979" WIDTH="2109" HEIGHT="111">
            <Shape><Polygon POINTS="975 1076 975 1090 3079 1085 3082 1061 3077 979 973 993 975 1076"/></Shape>
	    <String CONTENT="El qual poꝛ ciertos requerimientos que le hizo Sebaſ" HPOS="973" VPOS="979" WIDTH="2109" HEIGHT="111"/>
          </TextLine>

          
          
          <TextLine ID="eSc_line_ece4fcb1" BASELINE="975 1167 1810 1155 3075 1160" HPOS="973" VPOS="1076" WIDTH="2102" HEIGHT="117">
            <Shape><Polygon POINTS="975 1167 975 1184 2202 1193 2205 1193 3072 1179 3075 1160 3072 1087 3035 1076 3032 1076 3030 1076 2628 1087 2602 1076 2600 1076 2435 1076 2433 1076 2430 1076 2400 1087 2381 1076 2379 1076 2376 1076 2374 1076 2372 1076 2329 1090 2315 1090 1638 1078 1636 1078 1633 1078 1582 1092 1276 1092 1250 1078 1248 1078 1245 1078 1243 1078 1241 1078 1222 1090 1194 1078 1191 1078 1189 1078 1187 1078 1184 1078 1163 1092 973 1092 975 1167"/></Shape>
	    <String CONTENT="tian ꝺ benalcaçar capitan ꝺel gouernadoꝛ vino ꝺ paz:" HPOS="973" VPOS="1076" WIDTH="2102" HEIGHT="117"/>
          </TextLine>

          
          
          <TextLine ID="eSc_line_5d1b0af1" BASELINE="982 1268 1704 1252 3075 1256" HPOS="980" VPOS="1172" WIDTH="2095" HEIGHT="120">
            <Shape><Polygon POINTS="982 1268 982 1285 1509 1292 1511 1292 1558 1282 1575 1280 1591 1282 1648 1292 1650 1292 1652 1292 1690 1282 1699 1280 1753 1282 1993 1292 1995 1292 2052 1280 2066 1278 2280 1278 2285 1278 2299 1289 2301 1289 2303 1289 2306 1289 2308 1289 2336 1278 2341 1278 2524 1278 2541 1278 2893 1289 2896 1289 3072 1273 3075 1256 3070 1177 2919 1186 2849 1177 2804 1172 2802 1172 2799 1172 2783 1177 2757 1186 2675 1179 2597 1172 2595 1172 2553 1179 2517 1186 2491 1179 2459 1172 2456 1172 2221 1172 2219 1172 2216 1172 2186 1181 2174 1186 2151 1184 2085 1172 2082 1172 2080 1172 2078 1172 2059 1184 2052 1188 1941 1188 1932 1184 1918 1174 1916 1174 1913 1174 1615 1174 1612 1174 1478 1188 1466 1188 1462 1188 1415 1174 1412 1174 1410 1174 1408 1174 1377 1188 1377 1191 980 1191 982 1268"/></Shape>
	    <String CONTENT="y poꝛque no ꝺio tanto oꝛo como le pedian: lo quemarõ" HPOS="980" VPOS="1172" WIDTH="2095" HEIGHT="120"/>
          </TextLine>

          
          
          <TextLine ID="eSc_line_011ddbff" BASELINE="977 1360 2026 1348 3084 1350" HPOS="975" VPOS="1266" WIDTH="2109" HEIGHT="122">
            <Shape><Polygon POINTS="977 1360 977 1376 1448 1388 1450 1388 1511 1374 1521 1374 1568 1374 1845 1386 1847 1386 1911 1374 1913 1374 1967 1386 1970 1386 2033 1372 2042 1372 2066 1372 2198 1383 2200 1383 2254 1372 2261 1372 2285 1372 2550 1383 2553 1383 3082 1367 3084 1350 3082 1280 3042 1266 3039 1266 3037 1266 2936 1280 2851 1266 2849 1266 2738 1278 2524 1268 2522 1268 2520 1268 2482 1280 2414 1268 2412 1268 2409 1268 2374 1282 2299 1268 2296 1268 2188 1282 2052 1268 2050 1268 1984 1280 1695 1271 1692 1271 1690 1271 1645 1285 1561 1271 1558 1271 1556 1271 1516 1285 1050 1278 1048 1278 975 1289 977 1360"/></Shape>
	    <String CONTENT="con otros muchos Caciques ⁊ pꝛincipales. Y alo que" HPOS="975" VPOS="1266" WIDTH="2109" HEIGHT="122"/>
          </TextLine>

          
          
          <TextLine ID="eSc_line_c9249358" BASELINE="985 1459 1774 1444 3084 1451" HPOS="982" VPOS="1367" WIDTH="2102" HEIGHT="117">
            <Shape><Polygon POINTS="985 1459 985 1484 1358 1484 1358 1482 1361 1482 1412 1470 1488 1482 1490 1482 1655 1470 3079 1482 3084 1451 3082 1383 2821 1367 2818 1367 2816 1367 2778 1381 2609 1367 2341 1367 2339 1367 2336 1367 2306 1379 2275 1367 2273 1367 2270 1367 2268 1367 2266 1367 2247 1379 2179 1367 2176 1367 2174 1367 2172 1367 2153 1379 2038 1367 2035 1367 1955 1381 1563 1367 1561 1367 1558 1367 1556 1367 1532 1381 1241 1369 1238 1369 1079 1381 1060 1369 1057 1369 1055 1369 1053 1369 982 1383 985 1459"/></Shape>
	    <String CONTENT="yo pude entender ſu intento ꝺelos eſpañoles era : que" HPOS="982" VPOS="1367" WIDTH="2102" HEIGHT="117"/>
          </TextLine>

          
          
          <TextLine ID="eSc_line_a7b5fa9e" BASELINE="980 1548 2313 1538" HPOS="977" VPOS="1459" WIDTH="1336" HEIGHT="110">
            <Shape><Polygon POINTS="980 1548 980 1569 2313 1569 2313 1538 2308 1477 2144 1477 2094 1459 2092 1459 2089 1459 2087 1459 2035 1475 1866 1461 1864 1461 1861 1461 1826 1477 1739 1461 1737 1461 1631 1480 1450 1463 1448 1463 1445 1463 1443 1463 1424 1480 1361 1463 1358 1463 1356 1463 1210 1482 992 1468 989 1468 987 1468 985 1468 985 1470 982 1470 977 1473 980 1548"/></Shape>
	    <String CONTENT="no quedaſe ſeñoꝛ en toda la tierra." HPOS="977" VPOS="1459" WIDTH="1336" HEIGHT="110"/>
          </TextLine>

          
          
          <TextLine ID="eSc_line_8fc3805c" BASELINE="994 1656 1612 1637 3079 1644" HPOS="992" VPOS="1552" WIDTH="2087" HEIGHT="125">
            <Shape><Polygon POINTS="994 1656 994 1677 1572 1677 1572 1675 1575 1675 1577 1675 1579 1672 1593 1663 1615 1672 1624 1675 1626 1675 1629 1675 1650 1672 1699 1663 2104 1663 2113 1668 2122 1675 2125 1675 2127 1675 2129 1675 2179 1668 2219 1663 2637 1663 2651 1665 2701 1675 2703 1675 2762 1663 2771 1663 2790 1663 2919 1675 2922 1675 2924 1675 2926 1675 2943 1663 2945 1663 3077 1663 3079 1644 3077 1564 3058 1552 3056 1552 3053 1552 3051 1552 1880 1564 1699 1552 1697 1552 1695 1552 1671 1564 1337 1555 1335 1555 992 1567 994 1656"/></Shape>
	    <String CONTENT="¶ Ftẽ queios eſpañoles recogieron mucho numero ꝺ" HPOS="992" VPOS="1552" WIDTH="2087" HEIGHT="125"/>
          </TextLine>

          
          
          <TextLine ID="eSc_line_f590cca4" BASELINE="989 1747 1683 1733 3084 1740" HPOS="989" VPOS="1651" WIDTH="2095" HEIGHT="111">
            <Shape><Polygon POINTS="989 1747 989 1762 3082 1757 3084 1740 3084 1665 3037 1651 3035 1651 3032 1651 3030 1651 2992 1663 2762 1651 2759 1651 2677 1663 2675 1663 2562 1651 2560 1651 989 1661 989 1747"/></Shape>
	    <String CONTENT="yndios y los encerraron en tres caſas grandes/quan" HPOS="989" VPOS="1651" WIDTH="2095" HEIGHT="111"/>
          </TextLine>

          
          
          <TextLine ID="eSc_line_6bb90b60" BASELINE="987 1837 3091 1837" HPOS="987" VPOS="1750" WIDTH="2104" HEIGHT="113">
            <Shape><Polygon POINTS="987 1837 987 1863 3091 1853 3091 1837 3091 1762 3067 1750 3065 1750 3063 1750 2915 1762 2830 1750 2828 1750 2529 1762 2372 1750 2369 1750 2367 1750 2320 1762 1972 1750 1970 1750 1718 1762 1699 1750 1697 1750 1695 1750 1365 1750 1363 1750 987 1762 987 1837"/></Shape>
	    <String CONTENT="tosenellas cupieron:⁊ pegaron les fuego y quemaron" HPOS="987" VPOS="1750" WIDTH="2104" HEIGHT="113"/>
          </TextLine>

          
          
          <TextLine ID="eSc_line_8e2eddc6" BASELINE="987 1933 2071 1924 3082 1931" HPOS="985" VPOS="1846" WIDTH="2097" HEIGHT="106">
            <Shape><Polygon POINTS="987 1933 987 1952 3079 1947 3082 1931 3079 1856 1316 1846 1314 1846 985 1858 987 1933"/></Shape>
	    <String CONTENT="los a todos ſin hazer la menoꝛ coſa cõtra eſpañol ni ꝺar" HPOS="985" VPOS="1846" WIDTH="2097" HEIGHT="106"/>
          </TextLine>

          
          
          <TextLine ID="eSc_line_95983b13" BASELINE="987 2029 1814 2020 3093 2027" HPOS="985" VPOS="1938" WIDTH="2108" HEIGHT="122">
            <Shape><Polygon POINTS="987 2029 985 2044 1147 2058 1149 2058 1521 2048 1593 2046 1598 2048 1612 2058 1615 2058 1617 2058 1619 2060 1817 2060 1817 2058 1819 2058 1821 2058 1836 2048 1840 2046 1868 2048 1948 2058 1951 2058 1953 2058 1977 2048 1988 2046 2160 2046 2169 2051 2179 2058 2181 2058 2184 2058 2186 2058 2188 2058 2216 2051 2238 2046 3089 2053 3093 2027 3093 1952 3060 1938 3058 1938 3056 1938 2231 1950 1939 1938 1937 1938 1934 1938 1911 1950 1892 1938 1890 1938 1887 1938 1746 1938 1744 1938 1742 1938 1739 1938 1720 1952 1549 1952 1521 1938 1518 1938 1516 1938 1513 1938 1476 1952 987 1952 987 2029"/></Shape>
	    <String CONTENT="la menoꝛ cauſa. Y acaeſcio alli que vn clerigo que ſe lla" HPOS="985" VPOS="1938" WIDTH="2108" HEIGHT="122"/>
          </TextLine>

          
          
          <TextLine ID="eSc_line_5a61b003" BASELINE="989 2123 3093 2123" HPOS="989" VPOS="2039" WIDTH="2104" HEIGHT="103">
            <Shape><Polygon POINTS="989 2123 989 2142 3093 2140 3093 2123 3091 2044 3037 2053 2910 2044 2839 2039 2837 2039 2809 2044 2774 2051 2731 2044 2691 2039 2689 2039 2642 2046 2588 2053 2562 2046 2548 2041 2546 2041 2543 2041 2503 2046 2444 2053 2419 2046 2393 2039 2390 2039 2388 2039 2353 2046 2325 2053 2315 2046 2308 2041 2306 2041 2303 2041 2134 2039 2132 2039 2129 2039 2127 2039 2115 2048 2106 2055 2042 2055 2028 2048 2000 2039 1998 2039 1995 2039 1946 2048 1925 2053 1913 2048 1885 2039 1883 2039 1683 2039 1680 2039 1518 2051 1485 2053 1478 2051 1438 2039 1436 2039 1434 2039 1431 2039 1429 2039 1410 2053 1408 2053 1394 2053 1307 2041 1304 2041 1302 2041 1276 2053 1274 2055 989 2055 989 2123"/></Shape>
	    <String CONTENT="ma ocaña: ſaco vn muchacho ꝺl fuego en que ſe quema" HPOS="989" VPOS="2039" WIDTH="2104" HEIGHT="103"/>
          </TextLine>

          
          
          <TextLine ID="eSc_line_4da1c249" BASELINE="989 2222 2625 2215 3079 2224" HPOS="987" VPOS="2128" WIDTH="2092" HEIGHT="115">
            <Shape><Polygon POINTS="989 2222 989 2241 3075 2243 3079 2224 3075 2133 2835 2145 2804 2135 2788 2128 2785 2128 2783 2128 2701 2135 2600 2145 2583 2137 2567 2128 2564 2128 2562 2128 2470 2137 2402 2145 2348 2140 2254 2128 2252 2128 2249 2128 2228 2140 2219 2145 2209 2140 2181 2128 2179 2128 1930 2128 1927 2128 1734 2145 1702 2147 1697 2145 1664 2130 1662 2130 1452 2130 1450 2130 1448 2130 1445 2130 1424 2145 1405 2130 1403 2130 1401 2130 1328 2130 1325 2130 1245 2147 1006 2137 1003 2137 1001 2137 999 2137 987 2145 989 2222"/></Shape>
	    <String CONTENT="ua: y vino alli otro eſpañol y tomoſelo ꝺelas manos : y" HPOS="987" VPOS="2128" WIDTH="2092" HEIGHT="115"/>
          </TextLine>

          
          
          <TextLine ID="eSc_line_98e3e64c" BASELINE="989 2318 1812 2309 3091 2314" HPOS="987" VPOS="2227" WIDTH="2104" HEIGHT="108">
            <Shape><Polygon POINTS="989 2318 989 2335 3089 2332 3091 2314 3089 2243 3009 2227 3006 2227 2649 2241 2611 2227 2609 2227 2607 2227 2503 2239 2487 2227 2484 2227 2482 2227 2357 2227 2355 2227 2353 2227 2322 2241 2235 2227 2233 2227 2151 2241 1718 2227 1716 2227 1713 2227 1659 2241 1638 2227 1636 2227 1633 2227 1539 2227 1537 2227 1535 2227 1532 2227 1506 2241 1191 2231 1189 2231 987 2243 989 2318"/></Shape>
	    <String CONTENT="lo echo en medio ꝺelas llamas: ꝺonde ſe hizo ceniza cõ" HPOS="987" VPOS="2227" WIDTH="2104" HEIGHT="108"/>
          </TextLine>

          
          
          <TextLine ID="eSc_line_47c23495" BASELINE="989 2415 1899 2405 3096 2410" HPOS="987" VPOS="2323" WIDTH="2109" HEIGHT="108">
            <Shape><Polygon POINTS="989 2415 989 2431 3096 2431 3096 2410 3093 2337 2969 2323 2966 2323 2797 2337 2781 2337 2778 2337 2762 2325 2759 2325 2757 2325 2755 2325 2658 2337 2649 2337 2642 2337 2588 2325 2586 2325 1923 2337 1908 2337 1906 2337 1890 2325 1887 2325 1885 2325 1600 2325 1598 2325 1596 2325 1568 2337 1445 2325 1443 2325 1441 2325 1391 2340 1041 2340 1015 2325 1013 2325 1010 2325 1008 2325 987 2335 989 2415"/></Shape>
	    <String CONTENT="los ꝺe mas. El qual ꝺicho eſpañol que aſſi auia echado" HPOS="987" VPOS="2323" WIDTH="2109" HEIGHT="108"/>
          </TextLine>

          
          
          <TextLine ID="eSc_line_ba409945" BASELINE="992 2509 3091 2502" HPOS="989" VPOS="2419" WIDTH="2102" HEIGHT="111">
            <Shape><Polygon POINTS="992 2509 992 2530 3089 2523 3091 2502 3086 2436 2985 2436 2962 2419 2959 2419 2957 2419 2955 2419 2952 2419 2917 2434 2804 2422 2802 2422 2694 2434 2673 2419 2670 2419 2668 2419 2560 2419 2557 2419 2555 2419 2503 2434 2482 2419 2480 2419 2477 2419 2390 2419 2388 2419 2386 2419 2339 2438 2214 2438 2193 2422 2191 2422 2188 2422 2186 2422 2184 2422 2136 2436 1744 2422 1742 2422 1739 2422 1737 2422 1716 2436 1697 2422 1695 2422 1692 2422 1690 2422 1605 2438 1474 2424 1471 2424 1241 2438 1194 2424 1191 2424 1189 2424 989 2441 992 2509"/></Shape>
	    <String CONTENT="enel fuego al yndio: aquel meſmo ꝺia boluiendo al re⸗" HPOS="989" VPOS="2419" WIDTH="2102" HEIGHT="111"/>
          </TextLine>

          
          
          <TextLine ID="eSc_line_f022c11e" BASELINE="992 2605 3091 2605" HPOS="992" VPOS="2520" WIDTH="2099" HEIGHT="113">
            <Shape><Polygon POINTS="992 2605 992 2621 3089 2633 3091 2605 3091 2532 3067 2520 3065 2520 3063 2520 2999 2532 2955 2520 2952 2520 2950 2520 2882 2532 2814 2520 2811 2520 2741 2532 2447 2520 2444 2520 2360 2532 2247 2520 2245 2520 2242 2520 2207 2532 2188 2520 2186 2520 2184 2520 2181 2520 1995 2532 1925 2520 1923 2520 1866 2532 1784 2520 1782 2520 1779 2520 1744 2532 1603 2520 1600 2520 1537 2532 1382 2520 1379 2520 1377 2520 1375 2520 1356 2535 1123 2535 1053 2520 1050 2520 992 2532 992 2605"/></Shape>
	    <String CONTENT="al:cayo ſubitamente muerto enel camino ⁊ yo fueꝺ pa" HPOS="992" VPOS="2520" WIDTH="2099" HEIGHT="113"/>
          </TextLine>

          
          
          <TextLine ID="eSc_line_11e72717" BASELINE="1681 2678 1703 2678" HPOS="1677" VPOS="2611" WIDTH="25" HEIGHT="81">
            <Shape><Polygon POINTS="1677 2674 1677 2692 1702 2688 1702 2674 1702 2611 1677 2611 1677 2674"/></Shape>
	    <String CONTENT="t" HPOS="1677" VPOS="2611" WIDTH="25" HEIGHT="81"/>
          </TextLine>

          
          
          <TextLine ID="eSc_line_c5fb6aa7" BASELINE="1681 2678 1703 2678" HPOS="1677" VPOS="2671" WIDTH="25" HEIGHT="21">
            <Shape><Polygon POINTS="1677 2671 1677 2674 1677 2692 1702 2688 1702 2674 1702 2671 1677 2671"/></Shape>
	    <String CONTENT="el" HPOS="1677" VPOS="2671" WIDTH="25" HEIGHT="21"/>
          </TextLine>

          
          
          <TextLine ID="eSc_line_421dc915" BASELINE="1681 2678 1703 2678" HPOS="1677" VPOS="2671" WIDTH="25" HEIGHT="21">
            <Shape><Polygon POINTS="1677 2671 1677 2674 1677 2692 1702 2688 1702 2674 1702 2671 1677 2671"/></Shape>
	    <String CONTENT="el" HPOS="1677" VPOS="2671" WIDTH="25" HEIGHT="21"/>
          </TextLine>

          
          
          <TextLine ID="eSc_line_240909d7" BASELINE="992 2704 2061 2694" HPOS="987" VPOS="2618" WIDTH="1071" HEIGHT="109">
            <Shape><Polygon POINTS="1692 2678 1660 2618 987 2618 990 2703 990 2727 2058 2727 2058 2692 2048 2618 1720 2618 1692 2678"/></Shape>
	    <String CONTENT="recer que no lo enterraſſen ." HPOS="987" VPOS="2618" WIDTH="1071" HEIGHT="109"/>
          </TextLine>

          
          
          <TextLine ID="eSc_line_9a401215" BASELINE="1013 2805 1610 2791 3093 2795" HPOS="1010" VPOS="2704" WIDTH="2083" HEIGHT="120">
            <Shape><Polygon POINTS="1013 2805 1013 2816 2428 2812 2430 2812 2456 2824 2459 2824 2461 2824 2781 2812 2799 2812 2811 2812 3035 2824 3037 2824 3039 2824 3093 2809 3093 2795 3091 2720 2933 2720 2889 2704 2886 2704 2884 2704 2882 2704 2839 2715 2795 2704 2792 2704 2522 2704 2520 2704 2517 2704 2489 2715 2412 2704 2409 2704 2407 2704 2405 2704 2383 2720 2259 2720 2205 2704 2202 2704 1939 2704 1937 2704 1810 2718 1789 2704 1786 2704 1784 2704 1659 2704 1657 2704 1655 2704 1622 2718 1332 2706 1330 2706 1100 2718 1043 2706 1041 2706 1039 2706 1010 2718 1013 2805"/></Shape>
	    <String CONTENT="¶ Ftem yo afirmo que yo meſmo yi ante mis ojos a⸗" HPOS="1010" VPOS="2704" WIDTH="2083" HEIGHT="120"/>
          </TextLine>

          
          
          <TextLine ID="eSc_line_335bb366" BASELINE="994 2894 3093 2894" HPOS="994" VPOS="2816" WIDTH="2099" HEIGHT="109">
            <Shape><Polygon POINTS="994 2894 994 2908 1034 2922 1036 2922 1039 2925 1511 2925 1511 2922 1513 2922 1516 2922 1535 2910 1690 2922 1692 2922 1695 2922 1744 2910 1868 2922 1871 2922 1873 2922 1899 2910 2141 2922 2144 2922 2146 2922 2179 2910 2376 2910 2402 2922 2405 2922 2407 2922 2769 2910 2788 2922 2790 2922 2792 2922 2795 2925 2922 2925 2922 2922 3093 2908 3093 2894 3093 2819 994 2816 994 2894"/></Shape>
	    <String CONTENT="los eſpañoles coꝛtar manos/narizes y oꝛejas a yndios" HPOS="994" VPOS="2816" WIDTH="2099" HEIGHT="109"/>
          </TextLine>

          
          
          <TextLine ID="eSc_line_10e3070e" BASELINE="1001 2993 3089 2983" HPOS="999" VPOS="2896" WIDTH="2090" HEIGHT="113">
            <Shape><Polygon POINTS="2762 2896 2759 2896 2757 2896 2722 2915 2531 2915 2468 2899 2466 2899 2463 2899 2461 2899 2414 2913 2367 2899 2365 2899 2362 2899 2360 2899 2308 2915 2266 2899 2263 2899 2261 2899 2186 2913 2045 2899 2042 2899 1911 2901 1908 2901 1906 2901 1885 2915 1845 2901 1843 2901 1840 2901 1648 2915 1572 2901 1570 2901 1568 2901 1565 2901 1539 2920 1471 2920 1408 2903 1405 2903 1403 2903 1401 2903 1335 2920 1088 2903 1086 2903 999 2922 1001 2993 1001 3009 3086 3000 3089 2983 3084 2915 2945 2901 2943 2901 2941 2901 2938 2901 2919 2915 2804 2915 2764 2896 2762 2896"/></Shape>
	    <String CONTENT="⁊ yndias ſin pꝛopoſito: ſino poꝛque ſe les antojaua ha⸗" HPOS="999" VPOS="2896" WIDTH="2090" HEIGHT="113"/>
          </TextLine>

          
          
          <TextLine ID="eSc_line_7d39572d" BASELINE="994 3091 1772 3080 3093 3087" HPOS="994" VPOS="3000" WIDTH="2099" HEIGHT="110">
            <Shape><Polygon POINTS="994 3091 994 3110 3091 3103 3093 3087 3091 3011 2654 3000 2651 3000 2649 3000 2618 3011 2614 3011 2609 3011 2567 3000 2564 3000 2562 3000 2560 3000 2557 3000 2541 3011 2539 3014 2381 3014 2372 3011 2301 3000 2299 3000 2191 3011 2181 3011 2172 3011 2094 3000 2092 3000 2089 3000 2052 3011 2050 3011 2031 3011 1800 3000 1798 3000 1796 3000 1753 3011 1751 3011 1697 3000 1695 3000 1572 3011 1570 3011 1568 3011 1551 3000 1549 3000 1546 3000 1389 3000 1387 3000 1323 3011 1290 3000 1288 3000 1285 3000 1283 3000 1281 3000 1262 3011 1262 3014 994 3014 994 3091"/></Shape>
	    <String CONTENT="zerlo : y en tantos lugares y partes que ſeria largo ꝺe" HPOS="994" VPOS="3000" WIDTH="2099" HEIGHT="110"/>
          </TextLine>

          
          
          <TextLine ID="eSc_line_7562a78e" BASELINE="989 3185 1669 3176 3089 3181" HPOS="989" VPOS="3094" WIDTH="2100" HEIGHT="103">
            <Shape><Polygon POINTS="989 3185 989 3197 3086 3197 3089 3181 3089 3108 3067 3094 3065 3094 3063 3094 3060 3094 2976 3105 2938 3096 2936 3096 2933 3096 2931 3096 2903 3110 2891 3110 2604 3098 2602 3098 2600 3098 2571 3110 2550 3094 2548 3094 2546 3094 2543 3094 2489 3105 2473 3094 2470 3094 2468 3094 2466 3094 2376 3110 2334 3094 2332 3094 2261 3094 2259 3094 2256 3094 2254 3094 2233 3108 2120 3094 2118 3094 2047 3108 1977 3094 1974 3094 1972 3094 1932 3110 1932 3113 1847 3113 1847 3110 1791 3094 1789 3094 1786 3094 1624 3108 1579 3094 1577 3094 1575 3094 1572 3094 1570 3094 1544 3110 1544 3113 1464 3113 1464 3110 1443 3096 1441 3096 1438 3096 1332 3094 1330 3094 1328 3094 1325 3094 1302 3110 1182 3098 1180 3098 1177 3098 1175 3098 1156 3110 1156 3113 989 3113 989 3185"/></Shape>
	    <String CONTENT="contar. E yo vi que los eſpañoles les echauan perros" HPOS="989" VPOS="3094" WIDTH="2100" HEIGHT="103"/>
          </TextLine>

          
          
          <TextLine ID="eSc_line_2551a948" BASELINE="992 3279 2181 3272 3089 3279" HPOS="989" VPOS="3188" WIDTH="2100" HEIGHT="105">
            <Shape><Polygon POINTS="992 3279 992 3293 3086 3291 3089 3279 3084 3197 2520 3206 2491 3197 2468 3190 2466 3190 2463 3190 2461 3190 2437 3197 2414 3209 2318 3209 2287 3199 2247 3188 2245 3188 1744 3188 1742 3188 1680 3202 1662 3204 1645 3202 1579 3188 1577 3188 1495 3202 1462 3209 1403 3209 1394 3202 1377 3190 1375 3190 1372 3190 1370 3190 1307 3202 1281 3206 1203 3202 1034 3192 1032 3192 1029 3192 989 3202 992 3279"/></Shape>
	    <String CONTENT="alos yndios para que los hizieſſen pedacos:⁊ los vi aſ" HPOS="989" VPOS="3188" WIDTH="2100" HEIGHT="105"/>
          </TextLine>

          
          
          <TextLine ID="eSc_line_3231ac20" BASELINE="996 3378 1718 3369 3086 3373" HPOS="994" VPOS="3289" WIDTH="2092" HEIGHT="101">
            <Shape><Polygon POINTS="996 3378 996 3390 3084 3390 3086 3373 3084 3300 2583 3289 2581 3289 2491 3300 2477 3303 2466 3300 2405 3289 2402 3289 2301 3303 2289 3303 2287 3303 2266 3289 2263 3289 2261 3289 2108 3289 2106 3289 2104 3289 2101 3289 2082 3303 2080 3305 1911 3305 1911 3303 1864 3289 1861 3289 1859 3289 1857 3289 1819 3303 1800 3289 1798 3289 1796 3289 1793 3289 1673 3300 1657 3289 1655 3289 1652 3289 1650 3289 1495 3303 1410 3291 1408 3291 1269 3303 1245 3291 1243 3291 1241 3291 1067 3303 1041 3291 1039 3291 1036 3291 1034 3291 994 3305 996 3378"/></Shape>
	    <String CONTENT="ſi a perrear a muy muchos. Aſſi meſmo yi yo quemar" HPOS="994" VPOS="3289" WIDTH="2092" HEIGHT="101"/>
          </TextLine>

          
          
          <TextLine ID="eSc_line_d1d43910" BASELINE="994 3474 1664 3465 3093 3470" HPOS="992" VPOS="3385" WIDTH="2101" HEIGHT="99">
            <Shape><Polygon POINTS="994 3474 992 3481 3089 3484 3093 3470 3091 3404 3016 3390 3013 3390 3011 3390 2988 3401 2846 3387 2844 3387 2762 3397 2731 3385 2729 3385 2727 3385 2724 3385 2658 3401 2621 3385 2618 3385 2616 3385 2454 3401 2414 3385 2412 3385 2409 3385 2407 3385 2355 3399 2209 3385 2207 3385 2205 3385 2155 3401 2099 3387 2097 3387 2094 3387 2092 3387 2031 3401 1687 3385 1685 3385 1683 3385 1680 3385 1657 3401 1558 3387 1556 3387 1478 3401 1445 3385 1443 3385 1372 3385 1370 3385 1368 3385 1314 3404 994 3404 994 3474"/></Shape>
	    <String CONTENT="tantas caſas ⁊ pueblos : que no ſabꝛia ꝺezir el numero" HPOS="992" VPOS="3385" WIDTH="2101" HEIGHT="99"/>
          </TextLine>

          
          
          <TextLine ID="eSc_line_6721c518" BASELINE="989 3568 3091 3564" HPOS="987" VPOS="3479" WIDTH="2104" HEIGHT="113">
            <Shape><Polygon POINTS="989 3568 989 3592 3089 3589 3091 3564 3084 3493 2623 3498 2616 3495 2597 3481 2595 3481 2593 3481 2590 3481 2520 3493 2480 3479 2477 3479 2475 3479 2388 3495 2374 3500 2169 3500 2167 3498 2139 3479 2136 3479 2134 3479 2047 3479 2045 3479 2042 3479 2040 3479 2017 3498 1939 3481 1774 3481 1772 3481 1657 3500 1655 3500 1612 3481 1610 3481 1608 3481 1605 3481 1532 3500 1462 3481 1459 3481 1335 3481 1332 3481 1238 3500 1020 3488 1017 3488 1015 3488 987 3500 989 3568"/></Shape>
	    <String CONTENT="ſegun eran muchos.Aſſi meſmo es verdad que tomauã" HPOS="987" VPOS="3479" WIDTH="2104" HEIGHT="113"/>
          </TextLine>

          
          
          <TextLine ID="eSc_line_50bd09b4" BASELINE="992 3672 1445 3662 3089 3669" HPOS="989" VPOS="3582" WIDTH="2100" HEIGHT="148">
            <Shape><Polygon POINTS="992 3672 989 3709 1161 3723 1163 3723 1166 3723 1168 3723 1189 3709 1203 3702 1403 3702 1427 3709 1488 3726 1490 3726 1492 3726 1565 3712 1664 3726 1666 3726 1669 3726 1699 3709 1709 3705 1716 3709 1746 3726 1749 3726 1751 3728 1831 3728 1831 3726 1979 3709 2019 3705 2047 3709 2136 3723 2139 3723 2141 3723 2184 3709 2188 3707 2193 3709 2228 3723 2231 3723 2233 3723 2278 3714 2322 3728 2325 3728 2327 3730 2539 3730 2539 3728 2541 3728 2567 3716 2644 3728 2647 3728 2759 3707 2767 3707 2776 3707 2917 3726 2919 3726 2922 3726 2957 3714 3053 3726 3056 3726 3058 3726 3060 3726 3086 3707 3089 3669 3084 3582 992 3587 992 3672"/></Shape>
	    <String CONTENT="niños ꝺe teta poꝛ los bꝛaços y los echauan arrojadizos" HPOS="989" VPOS="3582" WIDTH="2100" HEIGHT="148"/>
          </TextLine>

          
        </TextBlock>
        

        
      </PrintSpace>
    </Page>
  </Layout>
</alto>
