3162 4229
975 404 2088 136 ¶Deſpues ꝺe eſcripto lo ſuſo ꝺicho fuerõ publicadas

970 495 2095 139 ciertas leyes y oꝛdenanças que ſu Mageſtad poꝛ aq̃l

970 606 2090 119 tiempo hizo enla ciudad ꝺe Barcelona año ꝺe mil ⁊q̃⸗

975 697 2092 118 nientos y quarenta y ꝺos/poꝛel mes ꝺe nobiembꝛe:en

970 791 2097 129 la villa ꝺe Madrid el año ſiguiente. Poꝛ las quales ſe

970 878 2090 139 puſo la oꝛden que poꝛ eſtonces parecio conuenir: para

975 977 2090 127 que ceſſaſſen tantas maldades y peccados que contra

975 1080 2092 118 ꝺios y los pꝛoximos y en total acabamiento y perdi⸗

973 1179 2094 124 cion ꝺe aquel oꝛbe conuenia. Hizo las ꝺichas leyes ſu

977 1266 2090 131 Mageſtad ꝺeſpues ꝺe muchos ayuntamientos ꝺe per

977 1372 2095 112 ſonas ꝺe gran autoꝛidad: letras y conſciencia y ꝺiſpu⸗

980 1454 2099 136 tas y conferencias enla villa ꝺe Valladolid. Y finalmen

982 1552 2095 123 te con acuerdo y parecer ꝺe todos los mas: que ꝺieron

980 1644 2099 134 poꝛ eſcripto ſus votos ⁊ mas cercanos ſe hallaron ꝺelas

982 1745 2102 129 reglasd̉la ley ꝺ̇ jeſu xp̃o:como verdaderos xp̃ianos/y tã

985 1846 2097 125 bien libꝛes ꝺela coꝛrupcion y enſuziamiento ꝺelos the

987 1950 2097 108 ſoꝛos robados ꝺelas yndias. Los quales enſuziaron

987 2034 2097 118 las manos ⁊ mas las animas ꝺe muchos que entonces

987 2130 2099 127 las mandauan :ḋ ꝺonde pꝛocedio la ceguedad ſuya:pa

989 2224 2097 125 ra q̃ las ꝺeſtruyeſſen ſin tener eſcrupulo alguno ꝺello.

999 2325 2090 123 Publicadas eſtas leyes: hizierõ los hazedoꝛes ꝺ̉los ti

994 2415 2095 120 ranos q̃ entõces eſtauan enla coꝛte: muchos treſlados ꝺ

987 2511 2109 132 llas (como a todos les peſaua poꝛque parecia que ſe les

987 2607 2109 127 cerrauan las puertas ꝺe participar lo robado y tirani

994 2706 2099 127 zado) y embiaron los a ꝺiuerſas partes ꝺelas yndias.

994 2798 2097 122 Los q̃ alla tenian cargo ꝺelas robar / acabar y cõſumir

994 2901 2104 110 con ſus tiranias : como nunca tuuieron jamas oꝛden:

994 2995 2104 122 ſino toda la ꝺeſoꝛden que pudiera poner lucifer:quã⸗

999 3089 2106 132 do vierõ los treſlados antes que fueſſen los juezes nue

999 3188 2106 115 uos que los auian ꝺe executar:conoſciendo (alo que ſe

1003 3282 2107 108 ꝺize y ſe cree)ꝺelos que aca haſta entonces los auian ẽ

1003 3376 2107 112 ſus peccados ⁊ violencias ſuſtentado: que lo ꝺeuian ha

1006 3474 2099 120 zer: alboꝛotaron ſe ꝺe tal manera q̃ quando fueron los

1006 3578 2097 145 buenos juezes alas executar:acoꝛdaron ꝺe (como auiã
