3162 4229
912 404 2115 126 chas:pero quiſo ſeñalarſe mas y aumentar la hoꝛribili

916 493 2104 124 dad ꝺe ſus peccados: en que mando que todos los yn⸗

916 596 2104 118 dios ⁊ yndias que los particulares auian tomado bi⸗

919 688 2094 131 uos (porque cada vno en aq̃llos eſtragos ſuele eſcoger

921 782 2104 127 algunos yndios ⁊ yndias y muchachos para ſeruirſe)

923 878 2109 120 los metieſſen en vna caſa ꝺe paja( eſcogidos y ꝺexados

919 972 2108 125 los que mejoꝛ le pareſcieron para ſu ſeruicio) y les pe⸗

928 1071 2095 131 gaſſen fuego :⁊ aſſi los quemaron biuos que ſerian o⸗

923 1170 2102 126 bꝛa ꝺe quarenta/o cincuenta. Otros mãdo echar alos

923 1264 1982 129 perros bꝛauos que los ꝺeſpedaçaron/⁊ comieron.

933 1372 2099 117 ¶ Otra vez eſte meſmo tírano fue a cierto pueblo que

923 1459 2102 126 ſe llamaua Cota y tomo muchos yndios ⁊ hizo ꝺeſpe⸗

926 1557 2101 127 daçar alos perros quinze /o veynte ſeñoꝛes ⁊ pꝛincipa⸗

930 1651 2095 115 les/ y coꝛto mucha cantidad ꝺe manos ꝺe mugeres y

930 1745 2102 115 hõbꝛes: y las ato en vnas cuerdas y las puſo colgadas

930 1841 2105 127 ꝺe vn palo ala luenga: poꝛque vieſſen los otros yndios

930 1938 2100 117 lo que auia hecho a aquellos:en que auria ſetẽta pares

930 2036 2102 125 ꝺe manos y coꝛto muchas narizes a mugeres y a niños

947 2222 2102 125 ¶Las hazañas y crueldades ꝺeſte hombꝛe enemigo

930 2328 2107 124 ꝺe Dios/no las podria alguno explicar:poꝛque ſon in

930 2419 2102 125 mumerables ⁊ nunca tales oydas ni viſtas que ha he⸗

930 2516 2095 129 cho en aquella tierra y enla pꝛouincia ꝺe Guatimala/

947 2614 2092 118 y ꝺonde quíera que ha eſtado. Poꝛque ha muchos a⸗

938 2711 2101 117 ños que anda poꝛ aquellas tierras haziendo aqueſtas

940 2807 2090 136 obꝛas y abꝛaſando y ꝺeſtruyendo aquellas gentes y

942 2922 339 106 tierras.

952 3091 2080 137 ¶Dizen mas los teſtigos en aquella pꝛouança:que hã

945 3188 2090 129 ſido tantas y tales y tan grandes las crueldades y mu

940 3284 2092 129 ertes que ſe han hecho y ſe hazen oy enel ꝺicho nueuo

947 3387 2090 125 reyno ꝺe granada poꝛ ſus perſonas los capitanes y cõ⸗

945 3481 2080 141 ſentido hazer a todos aquellos tyꝛanos y ꝺeſtruydo⸗
