3117 4229
905 444 2108 136 hizo tan ſuaue y gracioſo reſcibimiento y ſocoꝛro y a⸗

909 530 2121 151 uiamiẽto ( perdiendo ſe le alli aun la nao en que yua el

916 627 2109 153 almirante) que en ſu miſma patria y ꝺe ſus miſmos pa⸗

919 728 2113 145 dres no lo pudiera reſcebir mejoꝛ. Eſto ſe poꝛ relacion

933 822 2097 141 y palabꝛas ꝺ̉l miſmo almirante. Eſte rey murio huyen

923 918 2109 146 do ꝺe las matanças y crueldades ꝺe los chꝛiſtianos ꝺ̉ſ

926 1012 2106 148 truydo y pꝛiuado ꝺe ſu eſtado poꝛ los montes perdido.

928 1106 2106 148 Todos los otros ſeñoꝛes lubditos ſuyos murieron en

930 1209 1893 130 la tirania y ſeruidumbꝛe que abaxo ſera ꝺicha.

952 1296 2078 141 ¶ El tercero reyno y ſeñoꝛio fue la Maguana: trr̃a tã

935 1397 2102 132 bien admirable / ſaniſſima y fertiliſſima ꝺõde agoꝛa ſe

937 1496 2104 139 haze la mejoꝛ açucar ꝺe aquella yſla. El rey ꝺel ſe llamo

937 1585 2100 146 Caonabo : eſte en eſfuerço y eſtado y grauedad y ceri⸗

937 1682 2109 148 monias ꝺ̉ ſu ſeruicio : excedio a todos los otros. A eſte

937 1785 2111 141 p̃ndierõ cõ vna grã ſutileza y maldad : eſtãdo ſeguro en

940 1874 2113 139 ſu caſa. Metierõ lo ꝺ̉ſpues en vn nauio pa traello a caſ

942 1978 2113 138 tilla : y eſtãdo en el puerto ſeys nauios pa ſe partir q̃ſo ꝺi

947 2069 2104 132 os moſtrar ſer aquella cõ las otras grãde y niquidad ⁊

947 2166 2111 138 injuſticia : y ẽbio aquella noche vna toꝛmẽta q̃ hundio

956 2260 2095 141 todos los nauios y ahogo todos los chꝛiſtianos que

956 2356 2099 125 en ellos eſtauan : ꝺonde murio el ꝺicho caonabo carga

961 2452 2094 141 do ꝺ̉ cadenas y grillos. Tenia eſte ſeñoꝛ tres /o quatro

961 2551 2092 136 hermanos muy varoniles y eſfoꝛçados como el : viſta la

966 2647 2082 132 pꝛiſion tan injuſta ꝺe ſu hermano y ſeñoꝛ y las ꝺeſtruy

966 2746 2094 129 ciones y matanças que los chꝛiſtianos en los otros re

975 2838 2085 138 ynos hazian : eſpecialmente ꝺeſque ſupieron que el rey

970 2939 2090 122 ſu hermano era muerto : puſieron ſe en armas para yꝛ a

968 3028 2097 132 cometer y vengarſe ꝺe los chꝛiſtianos : van los chꝛiſtia

975 3131 2087 132 nos a ellos con ciertos ꝺe cauallo(que es la mas perni

970 3225 2095 122 cioſa arma que puede ſer para entre yndios) y hazen tã

980 3319 2082 137 tos eſtragos y matanças que aſſolaron y ꝺeſpoblaron

982 3425 1175 110 la mitad ꝺe todo aquel reyno.

989 3503 2085 148 ¶ El quarto reyno es que ſe llamo ꝺ̉ Xaragua : eſte era

984 3613 2085 160 como el meollo / o medula / o como la coꝛte ꝺ̉ toda aque
