3117 4229
865 432 2108 131 maneras ꝺ̉ muertes ⁊ toꝛmẽtos y hazer eſclauos todos

867 530 2111 116 los q̃ a vida tomaron. Y poꝛque ſon tantas las particu

872 627 2103 124 laridades q̃ en eſtas matãças ⁊ perdiciones ꝺe aq̃llas gẽ

876 723 2099 129 tes ha auido: q̃ en mucha eſcriptura no podrian caber

881 817 2092 122 (poꝛq̃ en verdad q̃ creo q̃ poꝛ mucho que ꝺixeſe no pue

879 911 2099 120 da explicar ꝺe mil partes vna ) ſolo quiero en lo ꝺe las

886 1007 2097 134 guerras ſuſo ꝺichas concluyꝛ con ꝺezir ⁊ afirmar : q̃ en

883 1104 2097 129 ꝺios y en mi conſciencia q̃ tengo poꝛ cierto q̃ para ha⸗

888 1195 2097 120 zer todas las injuſticias y maldades ꝺichas ⁊ las otras

893 1292 2092 134 q̃ ꝺexo ⁊ podria ꝺezir : no ꝺieron mas cauſa los yndios

893 1388 2090 122 ni tuuieron mas culpa q̃ podrian ꝺar / o tener vn con⸗

893 1484 2094 130 uento ꝺe buenos ⁊ concertados religioſos : para roba

895 1578 2095 132 llos ⁊ matallos y los q̃ ꝺe la muerte quedaſſen biuos : po

893 1675 2099 117 nerlos en perpetuo captiuerio ⁊ ſeruidumbꝛe ꝺe eſcla

897 1769 2093 124 uos. Y mas affirmo q̃ haſta que todas las muchedum⸗

900 1867 2094 125 bꝛes ꝺe gentes ꝺe aq̃lla yſla fuerõ muertas ⁊ aſſoladas:

905 1968 2092 115 que pueda yo creer y cõjecturar / no cometieron cõtra

905 2060 2096 129 los xp̃ianos vn ſolo pecado moꝛtal q̃ fueſſe punible poꝛ

905 2149 2092 125 hombꝛes: y los q̃ ſolamente ſon reſeruados a ꝺios como

909 2248 2095 131 ſon los ꝺeſſeos ꝺe vengança / odio y rancoꝛ q̃ podian te

909 2351 2092 125 ner aq̃llas gentes contra tan capitales enemigos /como

909 2443 2090 127 les fueron los xp̃ianos : eſtos creo que cayeron en muy

912 2532 2092 127 pocas perſonas ꝺe los Yndios y erã poco mas impetuo

916 2631 2088 131 ſos ⁊ riguroſos : poꝛ la mucha experiencia q̃ ꝺellos ten

916 2725 2092 131 go : que ꝺe niños / o muchachos ꝺe ꝺiez / o ꝺoze años.

916 2819 2095 131 Y ſe poꝛ cierta ⁊ infallible ſciencia : q̃ los Yndios tuuie

916 2920 2092 120 ron ſiempꝛe juſtiſſima guerra contra los chꝛiſtianos :⁊

912 3007 2096 129 los xp̃ianos vna ni ninguna nunca tuuieron juſta con

912 3105 2096 123 tra los Yndios: antes fueron todas ꝺiabolicas ⁊ injuſ

912 3202 2094 124 tiſſimas ⁊ mucho mas q̃ ꝺe ningun tyꝛano ſe puede ꝺe

914 3303 2085 129 zir ꝺel mundo : ⁊ lo miſmo affirmo ꝺe quantas han he⸗

921 3404 1001 117 cho en todas las Yndias.

923 3491 2085 136 ¶ Deſpues ꝺe acabadas las guerras ⁊ muertes en ellas

921 3592 2076 162 todos los hõbꝛes / que dando comunmente los mances
