3046 4229
58 394 2104 139 nueuo ꝺeſcubꝛiendoles las troxes ꝺl trigo que tenian

51 500 2104 127 para ſi ⁊ ſus mugeres y hijos los tiempos ꝺe ſeca y eſte

44 589 2106 129 riles:⁊ ofreciendoſelas con muchas lagrimas que las

51 688 2104 127 gaſtaſſen ⁊ comieſſen a ſu voluntad:el pago que les ꝺie

44 784 2104 127 ron ala fin fue que los metieron a eſpada y alancearon

42 881 2106 126 mucha cantidad ꝺe gentes ꝺellas : y los que pudieron

44 989 2101 110 tomar a vida hizieron eſclauos con grandes y ſeñala⸗

42 1073 2103 129 das crueldades otras que enellas hizieron / ꝺexando

39 1165 1136 120 caſi ꝺeſpoblada la ꝺicha yſla.

54 1264 2091 124 ¶De alli vanſe ala pꝛouincia ꝺe Tumbala ques enla

44 1374 2097 113 tierra Firme ⁊ matan y ꝺeſtruyen quantos pudieron.

47 1459 2096 119 Y poꝛque ꝺe ſus eſpantoſas y hoꝛribles obꝛas huyan to

42 1552 2108 130 das las gentes: ꝺezian que ſe alcauan ⁊ que eran rebel

44 1646 2106 130 des al Rey. Tenia eſte tirano eſta ynduſtria: que alos

54 1750 2094 124 que pedia y otros que venian a ꝺalles pꝛeſentes ꝺ oꝛo

47 1844 2101 124 y plata y ꝺelo que tenian: ꝺeziales q̃ truxeſſen mas haſ

44 1938 2104 129 ta que el via que/ono tenian mas/ono trayã mas:y en

44 2032 2101 129 tonces ꝺezia que los reſcebia poꝛ vaſſallos ꝺe los reyes

47 2126 2103 131 ꝺe Eſpaña y abꝛaçaualos y hazia tocar ꝺos trompetas

56 2227 2094 124 que tenia/ ꝺandoles a entender que ꝺeſde en adelante

47 2330 2101 113 no les auian ꝺe tomar mas ni hazelles mal alguno: teni

44 2415 2106 127 endo poꝛ licito : todo lo queles robaua y le ꝺauan poꝛ

47 2511 2103 125 miedo ꝺelas abominables nueuas que ꝺel oyan antes

51 2612 2094 118 que el los reſcibieſſe ſo el amparo y pꝛoctetion ꝺel rey:

47 2704 2103 127 como ſi ꝺeſpues ꝺe reſcebidos ꝺebaxo ꝺela pꝛotection

49 2798 2099 131 real:no los oppꝛimieſſen/robaſſen/aſſolaſſen y ꝺeſtru⸗

56 2899 1523 117 yeſſen y el no los ouiera aſſi ꝺeſtruydo.

70 2995 2082 122 ¶Pocos ꝺias ꝺeſpues viniendo el rey vniuerſal y em

58 3091 2097 120 peradoꝛ ꝺe aquellos reynos que ſe llamo Atabaliba cõ

54 3192 2098 118 mucha gente ꝺeſnuda y con ſus armas ꝺe burla/ no ſa⸗

54 3289 2103 120 biendo como coꝛtauan las eſpadas y herian las lancas

58 3385 2101 115 y como coꝛrian los cauallos / ⁊ quien eran los eſpaño⸗

56 3477 2108 124 les (que ſi los ꝺemonios tuuieren oꝛo los acometeran

65 3573 2097 186 para ſe lo robar) llego allugar ꝺonde ellos eſtauan ꝺizi
