3046 4229
65 413 2123 134 quanto podiã/⁊ otros ꝺeſafueros y crueldades ſin pꝛo

63 500 2096 146 poſito : q̃ me poniã eſpanto con otras innumerables q̃

58 603 1251 122 vi que ſerian largas ꝺe contar.

65 695 2106 139 ¶ Ftem vi que llamauan alos caciques ⁊ pꝛincipales

61 794 2108 134 yndios que vinieſſen ꝺe paz ſeguramente ⁊ pꝛometien

51 895 2115 119 doles ſeguro: y en llegando luego los quemauan. Y en

49 996 2117 112 mi pꝛeſencia quemaron ꝺos: el vno en Andon y el otro

47 1090 2117 127 en Cumbala : ⁊ no fuy parte para ſe lo eſtoꝛuar que no

49 1172 2113 129 los quemaſſen/con quanto les pꝛedique. E ſegun ꝺios

54 1282 2105 113 ⁊ mi conciencia en quanto yo puedo alcançar no poꝛ o

51 1374 2108 127 tra cauſa:ſino poꝛ eſtos malos tractamientos como cla

54 1473 2115 119 ro parece a todos : ſe alçaron y leuantaron los yndios

51 1557 2104 139 ꝺel Peru y con mucha cauſa que ſe les ha ꝺado. Poꝛq̃

54 1670 2105 106 ninguna verdad les han tractado/ni palabꝛa guarda⸗

54 1762 2112 119 do:ſino que contra toda razon ⁊ injuſticia tiranamen⸗

51 1851 2115 120 te los han ꝺeſtruydo con toda la tierra: haziendoles ta

54 1942 2110 132 les obꝛas que han ꝺeterminado antes ꝺe moꝛir que ſe⸗

49 2044 971 122 mejantes obꝛas ſufrir.

54 2137 2108 127 ¶ Ftem ꝺigo que poꝛ la relacion ꝺelos yndion ay mu

49 2231 2117 120 cho mas oꝛo eſcõdido que manifeſtado/el qual poꝛ las

51 2332 2115 113 injuſticias ⁊ crueldades que los eſpañoles hizieron no

51 2426 2113 116 lo han querido ꝺeſcubꝛir/ni lo ꝺeſcubꝛiran : mientras

51 2523 2108 122 reſcibieren tales tractamientos : antes querran moꝛir

51 2621 2108 118 como los paſſados. Enlo qual ꝺios nueſtro ſeñoꝛ ha ſi⸗

54 2713 2108 132 do mucho offendido ⁊ ſu Mageſtad muy ꝺeſeruido y

56 2809 2110 127 ꝺefraudado en perder tal tierra que podia ꝺar buena

56 2908 2115 122 mente ꝺe comer a toda caſtilla/ la qual ſera harto ꝺiſi⸗

56 3011 2115 111 cultoſa y coſtoſa ami ver ꝺ̉la recuperar. ¶Todas eſtas

56 3098 2113 125 ſon ſus palabꝛas ꝺel ꝺicho religioſo foꝛmales: y vienen

61 3195 2108 122 tambiẽ firmadas ꝺel obiſpo ꝺe Mexico: ꝺando teſtimo

58 3291 2113 118 nio ꝺe q̃ todo eſto afirmaua el ꝺicho padre fray marcos

68 3390 2106 120 ¶ Da ſe ꝺe conſiderar aqui lo que eſte padre ꝺize q̃ vi

65 3481 2113 125 do poꝛq̃ fue en cincuẽta/o ciẽ leguas ꝺe trr̃a y a nueue/

65 3580 2111 165 o ꝺiez años:poꝛq̃ era alos pꝛincipios⁊ auia muy pocos
