3162 4229
933 385 2106 122 endo: ꝺonde eſtan eſſos eſpañoles ſalgan aca que no me

942 479 2104 129 mudare ꝺe aqui: haſta que me ſatiſfagan ꝺe mis paſſa⸗

947 577 2104 127 llos que me han muerto y pueblos que me han ꝺeſpo⸗

952 683 2101 113 blado:⁊ riquezas que me han robado. Salierõ a el/ma

956 770 2104 115 taron le infinitas gentes/pꝛendieron le ſu perſona que

959 873 2118 120 venia en vnas andas : y ꝺeſpues ꝺe pꝛeſo tractan conel

961 967 2109 113 que ſe reſcataſſe:pꝛomete ꝺe ꝺar quatro millones ꝺe caſ

961 1057 2111 117 tellanos y ꝺa quinze:y ellos pꝛometenle ꝺe ſoltalle : pe⸗

963 1158 2114 108 ro alfin no guardandole la fee ni verdad (como nunca

961 1252 2095 122 enlas yndias cõ los yndios poꝛ los eſpañolesſe ha gu

961 1350 2095 118 ardado)leuantan le que poꝛ ſu mandado ſejuntaua gẽ

963 1444 2097 118 te : y el reſponde que en toda la tierra no ſe mouia vna

961 1538 2109 134 hoja ꝺe vn arbol ſin ſu voluntad: que ſi gente ſe juntaſ⸗

961 1635 2106 112 ſe creyeſſen que el la mandaua juntar: y que pꝛeſo eſta⸗

966 1733 2104 127 ua que lo mataſſen. Ro obſtante todo eſto lo condena⸗

968 1827 2097 120 ron a quemar biuo: aunque ꝺeſpues rogaron algunos

968 1928 2099 118 al capitan que lo ahogaſſen/y ahogadolo quemaron.

970 2029 2100 101 Sabido poꝛel/ ꝺixo: poꝛque me quemays que os he he

966 2114 2104 113 chos: Ro me pꝛometiſtes ꝺe ſoltar ꝺando os el oꝛo : no

970 2213 2100 122 os ꝺi mas ꝺelo que os pꝛometi:pues que aſſi lo quere⸗

977 2314 2093 115 ys embiame a vueſtro rey ꝺe eſpaña:⁊ otras muchas co

970 2403 2095 122 ſas q̃ ꝺixo para gran confuſion y ꝺeteſtacion ꝺela gran

966 2499 2101 118 injuſticia ꝺelos eſpañoles: y enſin lo q̃maron. Conſide

968 2593 2095 115 reſe aqui la juſticia ⁊ titulo ꝺeſta guerra: la pꝛiſion ꝺeſ

968 2692 2097 122 te ſeñoꝛ:⁊ la ſentencia y execucion ꝺe ſu muerte: y la cõſ

961 2788 2102 120 ciencia con que tienen aquellos tiranos tan grandes

963 2885 2093 119 theſoꝛos :como en aquellos reynos a aquel rey tan grã

963 2981 2090 115 de ⁊ a otros infinitos ſeñoꝛes ⁊ particulares robaron.

970 3075 2086 124 ¶ De infinitas hazañas ſeñaladas en maldad y cruel

961 3171 2095 125 dad/en eſtirpacion ꝺe aquellas gentes cometidas poꝛ

956 3272 2100 115 los que ſe llaman Chꝛiſtianos: quiero aqui referir al

956 3366 2100 122 gunas pocas que vn frayle ꝺe ſant Franciſco alos pꝛin

952 3458 2097 115 cipios vido/ y las firmo ꝺe ſu nombꝛe embiando treſla

956 3557 2083 169 dos poꝛ aquellas partes y otros a eſtos reynos ꝺe Caſ
