3162 4229
963 413 2102 141 pidiendole oꝛo y eſmeraldas ſin otra cauſa ni razon al

970 507 2097 146 guna. El ꝺicho rey que ſe llamaua Bogota poꝛel mie⸗

966 599 2101 148 do quele puſieron ꝺixo:que el ꝺaria vna caſa ꝺe oꝛo q̃

968 704 2107 141 le pedian: eſperando ꝺe ſoltarſe ꝺelas manos ꝺe quien

968 796 2099 143 aſſi lo afligia : y embio yndios aque le traxeſſen oꝛo: y

973 890 2094 148 poꝛ vezes traxeron mucha cantidad ꝺe oꝛo ⁊ piedras/

977 986 2088 146 pero poꝛque no ꝺaua la caſa ꝺe oꝛo: ꝺezian los eſpaño⸗

975 1090 2107 136 lez que lo mataſſe pues no cumplia lo que auia pꝛometi

977 1179 2107 141 do. El tirano ꝺixo que ſe lo pidieſſen poꝛ juſticia ante

975 1275 2109 132 el meſmo : pidieronlo aſſi poꝛ ꝺemanda acuſando al ꝺi⸗

975 1374 2109 139 cho rey ꝺela tierra:el ꝺio ſentencia condenãdolo a toꝛ⸗

980 1470 2106 134 mentos/ſino ꝺieſſe la caſa ꝺe oꝛo. Danle el toꝛmento δl

982 1564 2100 141 tracto ꝺecuerda: echauan le ſebo ardiendo enla barri⸗

989 1663 2102 139 ga : ponen le a cada pie vna herradura hincada en vn

987 1762 2099 134 palo: y el peſcueço atado a otro palo y ꝺos hombꝛes q̃

987 1856 2099 119 le tenian las manos:⁊ aſſi le pegauan fuego alos pies:

994 1952 2097 134 y entraua el tirano ꝺe rato en rato y le ꝺezia que aſſi lo

989 2046 2111 141 auia ꝺe matar poco a poco a toꝛmentos:ſino le ꝺaua el

994 2142 2102 122 oꝛo. Y aſſi lo cumplio ⁊ mato al ꝺicho ſeñoꝛ con los toꝛ⸗

992 2234 2104 138 mentos. Y eſtãdo atoꝛmentandolo moſtro ꝺios ſeñal δ

999 2335 2101 138 que ꝺeteſtaua aquellas crueldades en quemarſe todo

994 2443 1319 120 el pueblo ꝺonde las perpetrauan.

1001 2525 2097 136 ¶ Todos los otros eſpañoles poꝛ ymitar a ſu buen ca

1001 2624 2097 138 pitan y poꝛq̃ no ſaben otra coſa/ſino ꝺeſpedaçar aque⸗

999 2730 2097 124 llas gentes: hizieron lo meſmo/atoꝛmentando cõ ꝺiuer

999 2821 2104 127 ſos y fieros toꝛmentos cada vno al cacique y ſeñoꝛ ꝺel

996 2915 2104 120 pneblo/o pueblos que tenian encomendados: eſtando

996 3011 2097 125 les ſiruiendolos ꝺichos ſeñoꝛes con todas ſus gentes y

999 3117 2101 106 ꝺandoles oꝛo y eſmeraldas quanto podian y tenian: y

1001 3204 2106 127 ſolo los atoꝛmẽtauan poꝛque les ꝺieſſen mas oꝛo ⁊ pie

1001 3298 2104 129 dras ꝺelo que les ꝺauan. Y aſſi quemaron y ꝺeſpedaça

1003 3404 1575 120 ron todos los ſeñoꝛes ꝺe aquella tierra.

1013 3491 2094 136 ¶ Poꝛ miedo ꝺelas crueldades Egregias q̃ vno δlos

1006 3587 2099 150 tiranos particulares enlos yndios hazia:ſe fuerõ alos
