3046 4229
75 432 900 103 tuu ſeran en ſus caſas.

82 526 2080 120 ¶ Digo que ꝺexo ꝺe ꝺezir immenſas maldades ⁊ ca⸗

65 622 2101 118 ſos eſpantoſos que ꝺeſta manera poꝛ aquellas tierras

77 714 1641 115 ſe han hecho ⁊ oy eneſte ꝺia hazen.

68 812 2098 118 ¶ Han traydo ala yſla eſpañola y ala ꝺe ſant Juan ꝺe

68 911 2101 103 toda aquella coſta queſtaua poblatiſſima: mas ꝺ̉ ꝺos cu

61 1005 2105 106 entos ꝺe animas ſalteadas: que todas tambien las han

65 1104 2104 103 muerto enlas ꝺichas yſlas echandolos alas minas y en

68 1195 2103 108 los otros trabajos: allende ꝺelas multitudines que en

65 1289 2109 120 ellas como arriba ꝺezimos auia. Y es vna gran laſtima

75 1388 2094 117 y quebꝛamiento ꝺ̉ coꝛaçon ꝺe ver aquella coſta ꝺe tier⸗

72 1482 1810 125 ra feliciſſima toda ꝺeſierta y ꝺeſpoblada.

82 1668 2092 117 ¶ Es eſta aueriguada verdad q̃ nunca traen nauio car

84 1771 2094 115 gado ꝺ̉ yndios : aſſirobados ⁊ ſalteados como he ꝺicho:

84 1872 2097 115 q̃ no echan ala mar muertos la tercia parte ꝺelos q̃ me⸗

75 1966 2101 117 ten ꝺentro con los que matan poꝛ tomallos en ſus tier

79 2065 2104 105 ras. La cauſa es poꝛque como para conſeguir ſu fin es

68 2166 2115 108 meneſter mucha gente para ſacar mas ꝺineros poꝛ mas

75 2262 2106 99 eſclauos:⁊ no lleuan comida ni agua : ſino poca poꝛ no

96 2349 2085 113 gaſtar los tiranos que ſe llaman armadoꝛes:no baſta a

84 2443 2099 110 penas ſino poco mas ꝺe para los eſpañoles que van en⸗

84 2535 2099 126 el nauio para ſaltear:y aſſi falta para los triſtes: poꝛ lo

89 2645 2087 113 qual mueren ꝺe hambꝛe y ꝺe ſed:y el remedio es ꝺar cõ

84 2732 2099 108 ellos enla mar. Y en verdad que me ꝺixo hombꝛe ꝺellos

82 2824 2108 115 que ꝺeſde las yſlas ꝺelos Lucayos:ꝺonde ſe hizieron

94 2932 2082 110 grandes eſtragos ꝺeſta manera haſta la yſla eſpañola q̃

72 3021 2120 120 ſon ſeſſenta/o ſetenta leguas: fuera vn nauio ſin aguja

94 3113 2108 122 ⁊ ſin carta ꝺe marear/guiandoſe ſolamente poꝛel raſtro

91 3211 2106 129 ꝺelos yndios que quedauan enla mar echados ꝺel na⸗

96 3312 1732 120 uio muertos.

112 3401 2094 127 ¶ Deſpues ꝺeſque los ꝺeſembarcan enla yſla ꝺonde

98 3503 2108 117 loslleuan a vender: es para quebꝛar el coꝛaçon ꝺe qual

103 3596 2108 167 quiera que alguna ſeñal ꝺe piedad tuuiere: ver los ꝺeſ
