3117 4229
944 441 2097 141 ꝺe oy que eſtamos enel año ꝺe mil ⁊ quinientos y qua

937 535 2102 153 renta ⁊ ꝺos ha reboſſado y llegado aſu colmo toda la

937 632 2104 143 iniquidad: toda la injuſticia : toda la violencia ⁊ tira

937 730 2095 146 nia que los chꝛiſtianos han hecho enlas Yndias: poꝛq̃

940 831 2099 139 ꝺel todo han perdido todo temoꝛ a ꝺios y al Rey ⁊ ſe

942 925 2095 146 han oluidado ꝺe ſi meſmos. Poꝛque ſon tantos y tales

942 1014 2095 151 los eſtragos ⁊ crueldades /matanças ⁊ ꝺeſtruyciones/

942 1108 2099 139 ꝺeſpoblaciones /robos/ violencias ⁊ tiranias y en tan

947 1212 2092 145 tos y tale s reynos ꝺela gran tierra firme:que todas las

947 1308 2099 143 coſas que hemos ꝺicho ſon nada en comparacion

949 1402 2095 148 ꝺelas que ſe hizieron : pero aunque las ꝺixeramos to⸗

952 1489 2094 157 das que ſon inſinitas las que ꝺexamos ꝺe ꝺezir: no ſon

949 1585 2104 153 comparables ni en numero ni en grauedad alas que ḋſ

956 1682 2097 145 de el ꝺicho año ꝺe mil ⁊ quinientos ⁊ ꝺiez y ocho ſe hã

956 1783 2092 150 hecho y perpetrado haſta eſte ꝺia y año ꝺe mil ⁊ quini

956 1879 2099 143 entos y quarenta y ꝺos/ ⁊ oy eneſte ꝺia ꝺel mes ꝺe ſeti

959 1971 2099 141 embꝛe ſe hazen ⁊ cometen/ las mas graues ⁊ abomina⸗

959 2065 2096 143 bles. Poꝛque ſea verdad la regla que arriba puſimos

963 2166 2095 145 q̄ ſiempꝛe ꝺeſde el pꝛincipio han ydo creſcienclo en ma

966 2264 1441 139 yoꝛes ꝺeſa fueros y obꝛas infernales.

968 2342 2094 164 ¶ Aſſi que ꝺeſde la entrada ḋla nueua eſpaña que fue

963 2443 2092 155 a ꝺiez y ocho ꝺe abꝛil ꝺel ꝺicho año ꝺe ꝺiez y ocho haſ⸗

966 2542 2099 141 ta el año ꝺe treynta que fueron ꝺoze años enteros : ꝺu⸗

968 2636 2101 157 raron las matanças y eſtragos que las ſangrientas ⁊

968 2730 2099 150 crueles manos y eſpadas ꝺelos eſpañoles hizieron cõ⸗

975 2840 2099 134 tinuamente en quatro cientas ⁊ cincuẽta leguas en toꝛ

970 2918 2107 159 no quaſi ꝺela ciudad ꝺe Mexico ⁊ a ſu rededoꝛ /ꝺonde

970 3014 2102 160 cabꝛan quatro y cinco grandes Reynos tan grandes

980 3110 2092 158 ⁊ harto mas felices que eſpaña. Eſtas tierras todas erã

975 3211 2099 146 las mas poblalas ⁊ llenas ꝺe gentes que Toledo ⁊ Se

977 3300 2092 160 uilla v Valladolid y çaragoça juntamente con Barce⸗

980 3397 2094 157 lona: poꝛque no ay ni vuo jamas tanta poblacion eneſ

982 3500 2095 148 cas ciudades quando mas pobladas eſtuuieron : que

980 3594 2089 179 ꝺios puſo ⁊ que auia en todas las ꝺichas leguas que
