3162 4229
985 404 2099 134 vſo ꝺe razon:ſino ꝺe ꝺemonios : ꝺe ꝺonde nace que co⸗

980 498 2106 141 mo los yndios veen eſte obꝛar mal ⁊ tan ſin piedad ge⸗

982 599 2104 134 neralmente: aſſi enlas cabeças como enlos miembꝛos:

982 688 2107 148 pienſan que los chꝛiſtianos lo tienẽ poꝛ ley y es autoꝛ

985 791 2108 132 ꝺello ſu ꝺios ⁊ ſu rey. Y trabajar ꝺe perſuadirles otra

985 890 2104 129 coſa:es querer agotar la mar y ꝺar les materia ꝺe rey⸗

992 977 2097 138 ⁊ hazer burla y eſcarnio ꝺe Jeſu Chꝛiſto ⁊ ſu ley. Y co⸗

989 1090 2107 129 mo los yndios ꝺe guerra vean eſte tratamiento que ſe

994 1177 2099 122 haze alos ꝺe paz: tienen poꝛ mejoꝛ moꝛir ꝺ̉vna vez que

994 1266 2102 129 no ꝺe muchas en poder ꝺe eſpañoles.Selo eſto inuictiſ

996 1365 2100 122 ſimo Ceſar poꝛ experiencia etce. Dize mas abaxo en

999 1459 2097 122 vn capitulo vueſtra Mageſtad tiene mas ſeruidoꝛes

999 1550 2101 139 poꝛ aca ꝺelos que pienſa.Poꝛq̃ no ay ſoldado ꝺe quan

1001 1646 2097 134 tos aca eſtan:que no oſe ꝺezir publicamente que ſi ſal⸗

1001 1747 2104 120 tea/o roba/o ꝺ̉ſtruye/o mata/o q̃ma los vaſſallos ꝺe vu

999 1832 2101 150 eſtra mageſtad poꝛque le ꝺen oꝛo: ſirue a vueſtra Ma⸗

1010 1935 2095 139 geſtad a titulo que ꝺizque ꝺe alli le viene ſu parte a vu

1008 2025 2095 138 eſtra Mageſtad. Y poꝛ tanto ſeria biẽ chꝛiſtianiſſimo

1010 2116 2100 151 Ceſar : que vueſtra Mageſtad ꝺieſſe a entender caſti⸗

1013 2217 2099 146 gando algunos riguroſamẽte: que no reſcibe ſeruicio

1013 2311 2101 130 en coſa que ꝺios es ꝺeſeruido. Todas las ſuſo ꝺichas

1017 2405 2093 146 ſon foꝛmales palabꝛas ꝺel ꝺicho obiſpo ꝺe ſancta Mar

1022 2509 2100 134 ta . Poꝛ las quales ſe vera claramente lo que oy ſe haze

1017 2603 2107 127 en todas aquellas ꝺeſdichadas tierras y contra aque

1022 2706 2102 132 llas innocentes gentes. Llama yndios ꝺe guerra los

1027 2793 2099 127 que eſtan y ſe han podido ſaluar huyendo ꝺelas matan

1032 2889 2097 134 ças ꝺelos infelices eſpañoles poꝛ los montes. Y los ꝺe

1032 2990 2099 132 paz llama los que ꝺeſpues ꝺe muertas infinitas gẽtes

1032 3084 2104 134 ponen enla tyꝛanica y hoꝛrible ſeruidumbꝛe arriba ꝺi

1032 3178 2099 134 cha: ꝺonde al cabo los acaban ꝺe aſſolar y matar :como

1036 3270 2095 136 parece poꝛ las ꝺichas palabꝛas ꝺel obiſpo: y en verdad

1043 3373 1881 130 que explica harto poco lo que aquellos padecen.

1053 3458 2085 150 ¶ Suelen ꝺezir los yndios en aquella tierra quando

1060 3561 2076 158 los fatigan lleuãdolos cõ cargas poꝛ las ſierras ſi caen
