3046 4229
58 422 2101 118 ꝺiluuios juntamente: vno ꝺe agua/⁊ otro ꝺe tierra/ ⁊

58 519 2108 124 otro ꝺ̉ piedras mas grueſſas que ꝺiez y veynte bueyes/

49 615 2108 110 ꝺeſtruyo la juſticia ꝺiuinal. Dõde muertos todos los

44 709 2120 122 ſeñoꝛes ⁊ los hombꝛes que podian hazer guerra puſie

42 808 2110 108 ron todos los ꝺe mas enla ſobꝛe ꝺicha infernal ſeruidũ

39 902 2118 108 bꝛe :⁊ con pedirles eſclauos ꝺe tributo y ꝺandoles los

39 1005 2116 115 hijos ⁊ hijas/poꝛq̃ otros eſclauos no los tienen:y ellos

35 1092 2113 125 embiando nauios cargados ꝺellos a vender al Peru/

37 1186 2111 120 ⁊ con otras matanças y eſtragos que ſin los ꝺichos hi

35 1285 2120 115 ʒieron: han ꝺeſtruydo y aſſolado vn reyno ꝺe cient le⸗

37 1381 2108 113 guas en quadra y mas: ꝺelos mas felices en fermidad

37 1477 2106 115 ⁊ poblacion que puede ſer enel mundo.Y eſte tirano

32 1569 2111 115 meſmo eſcriuio que era mas poblado que el reyno ꝺe

35 1665 2106 120 Mexico ⁊ ꝺixo verdad : mas ha muerto el y ſus herm

32 1762 2116 117 anos con los ꝺe mas ꝺe quatro y ꝺe cinco cuentos ꝺe

32 1867 2104 115 animas en quinze / o ꝺiez y ſeys años: ꝺeſde el año ꝺe

37 1952 2104 124 veynte y quatro haſta el ꝺe quarenta ⁊ oy matan y ꝺeſ⸗

32 2046 1958 124 truyen los que quedan/⁊ aſſi mataran los ꝺe mas.

47 2147 2072 117 ¶Tenia eſte eſta coſtumbꝛe que quando yua a hazer

42 2239 2085 119 guerra a algunos pueblos/o pꝛouincias: lleuaua ꝺ̉los

39 2335 2085 124 ya ſojnzgados yndios quantos podia que hizieſſen

39 2438 2076 120 guerra alos otros:⁊ como noles ꝺaua ꝺe comer a ꝺiez

42 2528 2087 117 y a veynte mil hombꝛes que lleuaua: conſentiales que

30 2621 2092 125 comieſſen alos ynaios que tomauan. Y aſſi auia en ſu

28 2715 2103 120 real/ſoleniſſima carneceria ꝺ̉ carne humana: ꝺonde en

28 2814 2082 127 ſu pꝛeſencia ſe matauan los niños y ſe aſſauan :y mata⸗

28 2910 2087 130 uan el hombꝛe/ poꝛ ſolas las manos y pies/ que teni

25 3007 2090 115 an poꝛ los mejoꝛes bocados. Y con eſtas immanidades

32 3098 2078 132 oyendolas todas las otras gentes ꝺelas otras tierras:

28 3197 1424 113 no ſabian ꝺonde ſe meter ꝺe eſpanto

75 3383 2030 124 ¶ Mato infinitas gentes con hazer nauios :lleuaua ꝺ̉

32 3479 2085 136 lamar ꝺel noꝛte ala ꝺel ſur ciento y treynta leguas los

39 3582 2080 181 yndios cargados con anclas ꝺe tres y quatro quinta⸗
