3117 4229
1172 455 1550 254 ¶Argumento ꝺel pꝛeſen

1448 667 872 228 te Epitome.

1520 1146 1415 209 Odas las coſas que

1513 1285 1430 185 han acaeſcido enlas yndias ꝺeſde ſu

1513 1395 1430 165 marauilloſo ꝺ̉ſcubꝛimiento y ꝺel pͥn

1513 1498 1434 163 cipio q̃ a ellas fueron eſpañoles para

1516 1585 1436 174 eſtar tiempo alguno : y ꝺeſpues enel

860 1691 2092 202 pꝛoceſſo adelante haſta los ꝺias ꝺe agoꝛa: han ſido tan

857 1776 2097 206 admirables y tan no creybles en todo genero a quien

860 1872 2094 195 no las vido: que parece auer añublado y pueſto ſilẽcio

869 1968 2085 212 y baſtantes a poner oluido a todas quantas poꝛ haza⸗

865 2072 2099 206 n̄oſas que fueſſen enlos ſiglos paſſados ſe vieron y o⸗

876 2161 2092 211 yeron enel mundo. Entre eſtas ſon las matãças y eſtra

883 2255 2092 214 gos ꝺe gentes innocentes: y ꝺeſpoblaciones ꝺ̉ pueblos

879 2358 2092 205 pꝛouincias y reynos que enellas ſe han perpetrado:

907 2457 2061 197 y que todas las otras no ꝺe menoꝛ eſpanto. Las unas

902 2549 2081 202 y las otras refirienclo a ꝺiuerlas perſonas que no las

886 2647 2094 188 ſabian/el obiſpo ꝺon fray Bartholome ꝺelas caſas/ o

886 2734 2094 212 caſaus la vez que vino ala coꝛte ꝺeſpues ꝺe frayle a in⸗

895 2831 2095 206 foꝛmar al Emperadoꝛ nueſtro ſeñoꝛ ( como quiẽ todas

897 2927 2097 195 bien viſto auia ) y cauſando alos oyentes con la relacio⸗

902 3037 2092 181 on ꝺellas vna manera ꝺe extaſi y ſuſpenſion ꝺe animos:

907 3117 2092 212 fue rogado ⁊ impoꝛtunado que ꝺeſtas poſtreras puſieſ

907 3214 2094 216 ſe algunas c on bꝛeuedad poꝛ eſcripto. El lo hizo: y vi

916 3319 2085 193 endo algunos años ꝺeſpues muchos inſenſibles hom⸗

919 3420 2087 198 bꝛes que la cobdicia y ambicion ha hecho ꝺegenerar

921 3507 2085 193 ꝺel ſer hombꝛes: y ſus facinoꝛoſas obꝛas traydo en re⸗

928 3606 2083 235 pꝛobado ſentido: que no contentos con las trayciones
