3046 4229
32 408 2106 139 nian la paja ſobꝛe las varas /o madera ⁊ auian cobꝛido

44 512 2106 115 obꝛa ꝺe ꝺos eſtados : poꝛque los ꝺe ꝺentro no vieſſen a

44 606 2106 129 los ꝺe fuera/lo coloꝛ ꝺe ꝺar pꝛieſſa aque ſe acabaſſe la ca

44 714 2106 117 ſa: metieron mucha gente ꝺentro ꝺella / ⁊ repartieron

39 803 2102 120 ſe los eſpañoles :algunos fuera al ꝺerredoꝛ ꝺela caſa cõ

37 897 2104 113 ſus armas para los que ſe ſalieſſen: y otros ꝺẽtro. Los

68 998 2070 108 quales echan mano alas eſpadas ⁊ comiençan amena

44 1094 2094 118 zar los yndios ꝺeſnudos que no ſe mouieſſen : ſino que

39 1179 2097 127 los matarian : ⁊ començaron a atar y otros que ſalta⸗

42 1275 2099 129 ron para huyꝛ : hizieron pedaços con las eſpadas. Algu

35 1369 2087 132 nos que ſalieron heridos y ſanos ⁊ otros ꝺel pueblo q̃

35 1470 2099 122 no auian entrado: tomaron ſus arcos ⁊ flechas:⁊ reco

39 1564 2097 125 genſe a otra caſa ꝺel pueblo para ſe ꝺefender ꝺonde en

32 1661 2099 126 traron ciento /o ꝺozientos ꝺellos ⁊ ꝺefendiendo la pu⸗

35 1752 2096 132 erta : pegan los eſpañoles fuego ala caſa ⁊ quemanlos

32 1849 2095 124 todos biuos. Y con ſu pꝛeſa que ſeria ꝺe ciento y ochen

35 1938 2089 127 ta / o ꝺozientos hombꝛes que pudieron atar :ranſe a ſu

32 2048 2090 118 nauio y alçan las velas ⁊ van ala yſla ꝺe ſan Juan ꝺon⸗

35 2133 2089 131 de venden la mitad poꝛ eſclauos:⁊ ꝺeſpues ala eſpaño⸗

35 2234 2092 127 la ꝺonde vendieron la otra. Repꝛehendiendo yo al ca⸗

32 2321 2090 124 pitan ꝺeſta tan inſigne traycion ⁊ maldad : ala ſazon en

32 2419 2087 132 la meſma yſla ꝺe ſant Juan : me reſpondio: anda ſeñoꝛ

44 2511 2078 134 que aſſi me lo mandaron ⁊ me lo ꝺieron poꝛ inſtrucion

32 2607 2078 134 los que me embiaron : que quando no pudieſſe tomar

32 2708 2085 132 los poꝛ guerra que los tomaſſe poꝛ paz. Y en verdad

37 2802 2082 125 que me ꝺixo que en toda ſu vida auia hallado padre ni

32 2903 2083 125 madre : ſino enla yſla ꝺela Trinidad: ſegun las buenas

32 2988 2080 141 obꝛas quelos yndios le auian hecho. Eſto ꝺixo para

30 3096 2078 125 mayoꝛ confuſion ſuya ⁊ agrauamiento ꝺe ſus pecados.

25 3181 2087 122 Deſtas han hecho en aquella tierra firme infinitas : to

21 3277 2087 139 mandolos ⁊ captiuandolos ſobꝛe ſeguro. Veaſe que o⸗

25 3371 2076 143 bꝛas ſon eſtas ⁊ ſi aquellos yndios anſi tomados ſi ſe⸗

14 3467 1255 139 ran juſtamente hechos eſclauos.
