3046 4229
58 413 2106 127 llas animas pudieſſen oyꝛ ni creer la palabꝛa ꝺe ꝺios.

51 507 2113 141 Apaziguaronlos lo mejoꝛ que pudieron y ꝺixeronles

54 613 2108 122 que conel pꝛimer nauio que poꝛ alli paſſaſſe eſcriuiriã

44 707 2106 131 ala yſla eſpañola y que haria que les toꝛnaſſen ſu ſeñoꝛ y

49 805 2113 113 los ꝺe mas que conel eſtauan. Cruxo ꝺios poꝛ alli lue⸗

51 906 2113 113 go vn nauio:ꝑa mas confirmacion ꝺela ꝺannacion ꝺ̉los

54 993 2110 130 que gouernauan/ y eſcriuierõ alos religioſos ꝺ̉la eſpa

47 1097 2117 124 ñola / enel claman/pꝛoteſtan/ vna y muchas vezes: nun⸗

49 1186 2120 124 ca quiſieron los oydoꝛes hazerles juſticia: poꝛque entre

51 1282 2115 132 ellos meſmos eſtauan repartidos parte ꝺelos yndios

54 1383 2115 125 que anſi tan ynjuſta y malamente auian pꝛendido los

56 1480 2113 127 tyꝛanos. Los ꝺos religioſos que auian pꝛometido alos

54 1578 2117 111 yndios ꝺela tierra que ꝺentro ꝺe quatro meſes vernia

56 1668 2115 129 ſu ſeñoꝛ Doñalonſo con los ꝺe mas: viendo q̃ ni en qua

56 1771 2108 110 tro ni en ocho vinierõ: aparejaron ſe para moꝛir y ꝺar

51 1867 2123 115 la vida a quien la auian ya antes que partieſſen ofreci

58 1961 2118 127 do. Y aſſi los yndios tomaron vengança ꝺellos  juſtamẽ

54 2062 2134 120 te matandolos / aunque innocentes: poꝛque eſtimaron

58 2154 2104 129 que ellos auian ſido cauſa ꝺe aquella traycion. Y poꝛq̃

58 2255 2113 122 vieron que no ſalio verdad lo que ꝺentro ꝺelos quatro

56 2347 2118 124 meſes les certificaron ⁊ pꝛometieron: y poꝛq̃ haſta en⸗

51 2445 2130 127 tonces/ ni aun haſta agoꝛa no ſupieron ni ſaben oy que

58 2539 2099 125 aya ꝺiferencia ꝺelos frayles alos tiranos y ladrones y

49 2633 2129 132 ſalteadoꝛes eſpañoles poꝛ toda aquella tierra. Los bie

49 2730 2129 115 nauenturados frayles padeſcieron injuſtamẽte :poꝛ la

54 2828 2129 129 qual injuſticia ninguna ꝺuda ay que ſegũ nueſtra ſee

58 2927 2426 127 ſancta: ſean verdaderos martires ⁊ reynen oy cõꝺios.

51 3019 2139 126 enlos cielos bienauenturados. Como quiera que alli

56 3115 2146 129 fueſſen embiados poꝛ la obediencia y lleuaſſen intenci

56 3223 2129 115 on ꝺe pꝛedicar ⁊ ꝺilatar la ſancta fee ⁊ ſaluar todas a q̃

49 3312 2132 127 llas animas / ⁊ padeſcer qualeſquiera trabajos y muer

61 3406 1995 115 te que ſe les ofreſcieſſe  poꝛ jeſu chꝛiſto crucificado.

75 3500 2115 127 ¶Otra vez poꝛ las grãdes tiranias ⁊ obꝛas nefandas

63 3596 2122 177 ꝺelos chꝛiſtianos malos: matarõ los yndios otros ꝺos
