3162 4229
999 422 2101 118 ⁊ ſeñaladas las ꝺeſtruyciones que los eſpañoles hã he

992 516 2108 120 cho en aquellas gentes: ſalteandolos y tomandolos los

996 610 2107 115 mas q podian a vida para vendellos poꝛ eſclauos. Mu

996 709 2107 110 chas vezes tomanadolos ſobꝛe ſeguro y amiſtad que los

996 801 2107 112 eſpañoles auian conellos tratado:no guardãdoles fee

994 897 2106 108 ni verdad: reſcibiendolos en ſus caſas como a padres

1003 996 2093 112 y a hijos:ꝺandoles y ſiruiendoles con quanto tenian y

994 1087 2106 115 podian. No ſe podriã cierto facilmente ꝺezir ni enca⸗

996 1186 2109 106 recer particularizadamẽte quales y quantas han ſido

996 1285 2111 115 las injuſticias / injurias / agrauios y ꝺeſafueros que

999 1381 2106 115 las gentes ꝺe aquella coſta ꝺelos eſpañoles han recebi

994 1470 2104 120 do:ꝺeſde el año ꝺe mil ⁊ q̈nientos y ꝺiez haſta oy. Dos

992 1564 2106 125 o tres quiero ꝺezir ſolamente/ poꝛ las quales ſe juzguẽ

992 1663 2108 113 otras ynnumerables en numero y fealdad que fueron

996 1764 1345 115 ꝺignas ꝺe todo toꝛmento y fuego.

1001 1935 2095 134 ¶Enla yſla ꝺela trinidad que es mucho mayoꝛ q̃ Si⸗

994 2039 2113 117 cilia ⁊ mas felice : queſta pegada cõ la tierra firme poꝛ

999 2135 2101 127 la parte ꝺe paria ⁊ q̃ la gente ꝺella: es ꝺela buena y vir

999 2227 2104 131 tuoſa en ſu genero que ay en todas las yndias : yendo

994 2325 2106 130 a ella vn ſalteadoꝛ el año ꝺe mil ⁊ quiniẽtos ⁊ ꝺiez y ſe⸗

999 2417 2104 134 ys con otros ſeſſenta / o ſetenta acoſtumbꝛados ladro⸗

994 2511 2104 125 nes: publicaron alos yndios que ſe veniã a moꝛar y bi

994 2607 2104 132 uir a aquella yſla con ellos.Los yndios reſcibierõ los

992 2701 2108 134 como ſi fueran ſus entrañas ⁊ ſus hijos : ſiruiendoles

987 2802 2111 123 ſeñoꝛes ⁊ ſubditos con grandiſſima affectiõ y alegria:

994 2894 2106 136 trayendoles cada ꝺia ꝺe comer tanto queles ſobꝛaua

996 2990 2100 139 para que comieran otros tantos: poꝛque eſta es comũ

994 3087 2109 129 condicion ⁊ liberalidad ꝺe todos los yndios ꝺe aquel

994 3183 2102 122 nueuo mundo:ꝺar exceſſiuamente lo que han meneſter

996 3277 2102 124 los eſpañoles ⁊ quanto tienen. Hazen les vna gran ca⸗

996 3376 2114 131 ſa ꝺe madera en que moꝛaſſen todos: poꝛque aſſi la qui

999 3467 2101 132 ſieron los eſpañoles : que fueſſe vna no mas para hazer

1006 3566 2085 155 lo que pꝛetendian hazer y hizieron. Al tiempo que po⸗
