3117 4229
912 451 2085 119 çaron a entẽder los Yndios que aquellos hombꝛes no

907 547 2099 110 ꝺeuian ꝺe auer venido ꝺel cielo. Y algunos eſcondian

905 646 2094 108 ſus comidas : otros ſus mugeres ⁊ hijos : otros huyan

907 744 2085 106 ſe alos montes poꝛ apartarſe ꝺe gente ꝺe tan ꝺura y ter

907 834 2094 110 rible conuerſaciõ. Los p̃ ianos ꝺauales ꝺe bofetadas

912 935 2087 108 ⁊ puñadas y ꝺe palos haſta poner las manos enlos ſe⸗

912 1033 2085 104 ñoꝛes ꝺe los pueblos. E llego eſto a tanta temeridad y

909 1127 2092 118 ꝺeſuerguença: que al mayoꝛ rey ſeñoꝛ d̃ toda la Yſla vn

907 1224 2092 103 capitã chꝛiſtiano le violo poꝛ fuerça ſu pꝛopia muger

909 1313 2092 124 De aqui començaron los Yndios a buſcar maneras pa

906 1413 2091 116 ra echar los chꝛiſtianos ꝺe ſus tierras: puſierõſe en ar

909 1515 2099 103 mas que ſon harto flacas ⁊ ꝺe poca offenſion ⁊ reſiſten

909 1607 2099 117 cia y menos ꝺefenſa (poꝛ lo qual todas ſus guerras ſon

909 1703 2097 117 poco mas que aca juegos ꝺe cañas ⁊ aun ꝺe niños) los

909 1802 2097 112 chꝛiſtianos con ſus cauallos y eſpadas ⁊ lanças comiẽ

916 1898 2052 108 çan a hazer matanças ⁊ crueldades eſtrañas enellos.

916 1989 2092 111 Entrauan en los pueblos ni ꝺexauan niños ni viejos

914 2088 2099 108 ni mugeres pꝛeñadas ni paridas que no ḋibarrigauã

923 2196 2090 94 ⁊ hazian pedaços : como ſi ꝺieran en vnos coꝛderos me

916 2281 2097 117 tidos en ſus apꝛiſcos. Hazian apueſtas ſobꝛe quien ꝺe

919 2379 2096 102 yna cuchillada abꝛia el hombꝛe poꝛ medio / o le coꝛtaua

921 2471 2094 113 la cabeça ꝺe un piquete/ o le ḋſcubꝛia las entrañas . Lo

919 2567 2101 106 maua las criaturas ḋlas tetas ꝺe las madres poꝛ las pi

919 2666 2101 108 ernas ⁊ ꝺaua ḋ cabeça con ellas en las peñas. Otros ꝺa

923 2760 2099 103 uã con ellas en rios poꝛ las eſpaldas riendo ⁊ burlãdo

930 2859 2095 98 ⁊ cayẽdo en el agua ꝺeziã bullis cuerpo ḋ tal: otras cria

933 2960 2094 94 turas metiã a eſpada cõ las madres jũtamente ⁊ todos

930 3051 2097 101 quantos ꝺelante ꝺe ſi hallauan. Hazian vnas hoꝛcas

930 3145 2097 118 largas q̃ juntaſſen caſi los pies ala tierra :⁊ ꝺe treze en

933 3246 2097 97 treze a honoꝛ y reuerencia ꝺe nueſtro redemptoꝛ ⁊ ꝺe⸗

930 3338 2097 115 los ꝺoze apoſtoles poniendoles leña ⁊ fuego los que⸗

937 3439 2095 94 mauã biuos. Otros atauan /o liauã todo el cuerpo ꝺe

937 3528 2093 123 paja ſeca: pegãdoles fuego aſſi los q̃̄mauã. Otros y to

937 3632 2090 129 dos los q̃ queriã tomar a vida coꝛtauãles ãbas manos

2524 3787 437 145 Xte dio fol
