3029 4212
60 421 2095 128 han teni cio:que ha ſilo mayoꝛ que enel munlo ſer pu⸗

67 519 2100 126 clo: poꝛſer aquellas tierras tan felices ⁊ tan ricas:⁊ las

70 615 2097 129 gentes tan humilles tan pac ientes y tan fac iles a ſud

77 711 2090 119 jec tarlas:alas q̃les no han teniao mas reſpecto ni ḋl laz

70 804 2104 132 han hecho maz cuenta ni eſtima. hablo con perãsq̃ poꝛ

72 903 2109 124 lo que le y he piſlo to¶to el ꝺicho tiempo no ꝺigo que

74 999 2105 124 ḋ beſiias poꝛque pluguiera a ꝺios que como a beſt iaz

74 1092 2105 124 las ouieran tractaclo v eſtimalopero como y menos

79 1186 2102 138 que eſtiercol ꝺelas plaças. x aſſi han curalo ꝺe ſus pi⸗

79 1287 2107 128 cias ⁊ ꝺe ſus animas:⁊ poꝛeſio toclos los numeroſ ⁊ cu

79 1380 2109 126 entos ꝺi chos han mue rto ſin fee ⁊ſin ſac ramentos. x eſ

84 1488 2106 121 ta es yna muy notoꝛia ⁊ aueriguacila yerlal :q̃ tonos

84 1574 2102 124 aunque ſean los tiranos ⁊ matacloꝛes la ſaben ⁊ la con

84 1666 2109 138 fieſſan : que nũca los ynq̃i os ꝺe toclas las vnlias hizie

88 1766 2107 127 ron mal alguno a chꝛiſtianos:antes los tunierõ poꝛ ye

86 1860 2109 131 nicos ꝺel cielo: haſta que pꝛimero muchas yezes ou ie

86 1953 2102 138 rō recebic̃o ellos o ſus yezinos muchos males robos

77 2066 1954 117 mu ertes . yrolencias v yexacione s ꝺellos me ſmos.

524 2155 1409 189 Mela yſla E ſpanola.

521 2337 1679 129 lla Yſia eſpañola que fue la pꝛimera como

519 2440 1686 110 ꝺeximos ꝺo le entraron chꝛiſiianos ⁊ comẽ

519 2534 1683 119 çaron los granles eſtragos ⁊ perlic iones

498 2637 1702 98 ꝺeſtas gentes ⁊ que pꝛimero ꝺeſiruy eron y

100 2723 2105 129 ꝺeſpoblaron : començanclo los chꝛiſiianos a tomar las

100 2819 2095 127 mugeres ⁊ hijos alos Ynclios para ſeruirſe ⁊ para yſar

102 2913 2110 126 mal ꝺellos:⁊ comerle s ſus comilas q̃ ꝺe ſu s ſu loꝛes ⁊

107 3009 2102 126 trabajos ſalian no cõ tentancloſe con lo q̃ los dYnãi o: les

102 3105 2110 128 ꝺauã ḋſu graclo cõfoꝛme ala facultaa q̃ cacla yuo tenia

105 3201 2107 121 q̃ ſiẽ pꝛe es poca: poꝛq̃ no ſuelẽ tener mas ꝺ elo q̃ oꝛq̃i na

102 3299 2112 119 riamẽte hã meneſte r ⁊ hazẽ con poc o trabajo ⁊ lo q̃ baſ

107 3407 2105 110 ta ꝑa tres caſas ḋ a ꝺi ez ꝑſonas cacia yna ꝑa yn mes : co

102 3488 2100 124 me yn xp̃iano ⁊ḋſtruye en yn ꝺia:⁊ otras muchas fu er

119 3582 2083 183 cas ⁊ violenelas ⁊ vexae iones que les hazian : cometio
