3162 4229
930 422 2090 123 nudos y hambꝛientos: que ſe cayan ꝺe ꝺeſmayados ꝺe

933 519 2087 122 hambꝛe niños y viejos/ hombꝛes y mugeres. Deſpues

933 622 2097 115 como a vnos coꝛderos los apartan padres ꝺe hijos ⁊

935 718 2102 113 mugeres ꝺe maridos: haziendo manadas ꝺellos ꝺe a⸗

942 812 2088 118 ꝺiez y ꝺe a veynte perſonas y echan ſuertes ſobꝛellos:

942 904 2085 125 para que lleuen ſus partes los ynfelices armadoꝛes: q̃

940 1007 2090 118 ſon los que ponen ſu parte ꝺe ꝺineros para hazer el ar

945 1104 2094 113 mada ꝺe ꝺos y ꝺe tres nauios ⁊ para los tiranos ſaltea

942 1191 2095 122 doꝛes que van a tomallos y ſalteallos en ſus caſas. Y q̈n

945 1292 2094 105 do cae la ſuerte enla manada ꝺonde ay algũ viejo/o en

947 1390 2095 106 fermo: ꝺize el tirano a quiẽ cabe: eſte viejo ꝺaldo al ꝺia

945 1482 2094 120 blo para que me lo ꝺays para que lo entierre:. Eſte en⸗

949 1585 2100 113 fermo para que lo tengo ꝺe lleuar para curallo: Vea ſe

945 1675 2101 119 aqui en que eſtiman los eſpañoles alos yndios ⁊ ſi cũ⸗

942 1771 2107 117 plen el pꝛecepto ꝺiuino ꝺel amoꝛ ꝺel pꝛoximo: ꝺonde pẽ

947 1870 1020 108 de la ley ⁊ los pꝛophetas.

956 1957 2090 119 ¶La tirania q̃ los eſpañoles exercitan contra los yn⸗

947 2060 2111 120 dios enel ſacar/o peſcar ꝺelas perlas:es vna ꝺelas crue

947 2156 2109 120 les ⁊ condenadas coſas q̃ pueden ſer enel mundo. No

949 2255 2102 106 ay vida infernal y ꝺeſeſperada eñſte ſiglo que ſe le pue

949 2351 2102 104 da comparar:aunque la ꝺel ſacar el oꝛo enlas minas ſea

947 2443 2099 110 en ſu genero grauiſſima y peſſima. Metẽ los enla mar

947 2537 2099 124 en tres y en quatro ⁊ cinco bꝛaças ꝺe hõdo ꝺeſde la ma

952 2638 2097 110 ñana haſta que ſe pone el ſol: eſtan ſiempꝛe ꝺebaxo ꝺel a

954 2732 2099 117 gua nadando ſin reſuello arrancando las oſtias ꝺonde

949 2828 2104 106 le crian las perlas. Salen con vnas redezillas llenas ꝺe

947 2925 2099 122 llas alo alto y arreſſollar : ꝺonde eſta vn verdugo eſpa⸗

947 3021 2095 106 ñol en vna canoa /o barquillo:⁊ ſi ſe tardan en deſcãſar

947 3115 2104 124 les ꝺa ꝺ̉ puñadas y poꝛ los cabellos los echa al agua pa

947 3214 2104 110 ra que toꝛnen a peſcar. La comida es peſcado y ꝺel peſ

942 3315 2107 115 cado que tienen las perlas/y pan caçabi ⁊ algunos ma

947 3409 2102 105 hiz (que ſon los panes ꝺe alla) el vno ꝺe muy poca ſuſtã

942 3503 2107 117 cia:y el otro muy trabajoſo ꝺe hazer ꝺelos quales nun

947 3599 2097 138 ca ſehartan. Las camas que les ꝺan ala noche es echa
