3162 4229
597 413 2473 153 ¶Otra vez acoꝛdando los frayles ꝺeſancto Domin⸗

973 502 2099 155 go nueſtra oꝛden ꝺe yꝛ a pꝛedicar ⁊ conuertir aquellas

975 603 2100 146 gentes:que careſcian ꝺe remedio⁊ lumbꝛe ꝺe ꝺoctrina

980 707 2095 136 para ſaluar ſus animas como lo eſtã oy las yndias:em

977 794 2093 150 biaron vn religioſo pꝛeſentado en theologia ꝺ̉ grã vir

977 899 2100 139 tud y ſanctidad con vn frayle lego ſu compañero: para

980 982 2090 155 que vieſſe la tierra y tractaſe la gente ⁊ buſcaſſe lugar

977 1083 2100 143 apto para hazer monaſterios. Llegados los religioſos

980 1184 2097 134 recibieronlos los yndios como a angeles ꝺel cielo y o

982 1280 2095 134 yen los con gran affection/y atencion ⁊ alegria las pa

977 1376 2098 137 labꝛas que pudieron entonces ꝺarles a entender mas

975 1459 2102 155 poꝛ ſeñas que poꝛ habla: poꝛque no ſabianlla lengua.A

977 1557 2100 146 caeſcio venir poꝛ alli vn nauio / ꝺeſpues ꝺe ydo el que

977 1651 2100 143 alli los ꝺexo : y los eſpañoles ꝺel yſando ꝺe ſu infernal

977 1745 2105 153 coſtumbꝛe: traen poꝛ engaño ſin ſaberlo los religioſos

980 1841 2097 139 al ſeñoꝛ ꝺe aquella tierra que ſe llamaua Doñalonſo/o

985 1933 2090 158 que los frayles le auian pueſto eſte nombꝛe/o otros eſ⸗

985 2027 2099 162 pañoles. Poꝛque los yndios ſon amigos ⁊ cudicioſos

982 2126 2100 145 ꝺe tener nombꝛe ꝺe chꝛiſtiano ⁊ luego lo pidẽ que ſe lo

987 2220 2097 155 ꝺen aun antes que ſepan nada para ſer baptizados. Aſ

989 2311 2095 153 ſi que engañan al ꝺicho Doñalonſo para que entraſe

987 2422 2097 143 enel nauio cõ ſu muger ⁊ otras ciertas perſonas y que

989 2504 2097 153 les harian alla ſieſta. Finalmente que entrarõ ꝺiez y ſie

989 2607 2097 151 te perſonas conel ſeñoꝛ y ſu muger : con confiança que

992 2697 2092 155 los religioſos eſtauan en ſu tierra y que los eſpañoles

992 2802 2092 151 poꝛellos no harian alguna maldad/poꝛque ꝺe otra ma

994 2892 2083 148 nera no ſe fiaran ꝺellos. Entrados los yndios enel na⸗

992 2981 2094 146 uio alçan las velas los traydoꝛes:⁊ vienen ſe ala yſla eſ

989 3091 2097 137 pañola y venden los poꝛ eſclauos. Toda la tierra como

994 3176 2092 143 veen ſu ſeñoꝛ y ſeñoꝛa lleuados: vienẽ alos frayles ⁊ q̃e

994 3275 2085 136 ren los matar. Los frayles viendo tan gran maldad q̃

992 3369 2092 136 rian ſe moꝛir ꝺe anguſtia : y es ꝺe creer que ꝺieran an⸗

992 3465 2092 139 tes ſus vid/as que fuera tal injuſticia hecha:eſpecialmẽ

994 3564 2076 176 te poꝛque era poner impedimento a que nunca aque⸗
