3959 5656
1767 439 754 170 Oꝛdenanças

1047 606 2503 154 vezes a eſta cauſa ſe les pierde ſu juſticiacias: mandamos que ꝺe aqui

1047 719 2506 151 adelante los eſcriuanos de los ꝺichos adelantamientos tenga ca

1043 807 2510 167 da uno ꝺellos un libro ꝺonde aſfienten un traſlado de todos los po

1047 904 2515 173 deres ⁊ inſtruciones ⁊ prouiſiones que ſe ꝺieren para los ꝺichos al⸗

1050 1011 2506 161 caldes mayores juntamẽte con el traſlado ꝺeſta nueſtra carta ⁊ ꝺe

1053 1115 2512 163 otras qualeſquier cartas ⁊ prouifiones que para la buena admini⸗

1056 1216 2509 147 ſtracion ꝺela juſticia ꝺelos ꝺichos adelantamientos ꝺe aqui ade⸗

1056 1307 2503 157 lante mandaremos ꝺar ⁊ ꝺieremos el qualtengã a buen recaudo⸗

1043 1404 2529 173 ⁊ ſe les baga cargo al tiempo ꝺe las reſidencias ſi tienen el ꝺicho li⸗

1047 1511 2522 166 bꝛo: ⁊ ſi aſſientan en el las ꝺichas cartas ⁊ prouifiones ſopena que

1052 1611 2538 180 ſi no lo tuuieren aſſetaren pagaran poꝛ cada vez ꝺiez ꝺucados

1056 1715 2534 156 para los pobꝛes ꝺelas carceles ꝺelos ꝺichos adelantamientos / ⁊

1072 1816 2503 147 mandamos a los ꝺichos eſcriuanos que ꝺẽ traſlado ꝺe las ꝺichas

1069 1907 2506 173 prouificiones ⁊ inſtruciones ⁊ oꝛdenanças a los abogados ꝺelas

1072 2020 2509 154 audiencias ꝺelos ꝺichos adelantamientos ⁊ a otras qualeſquier

1078 2105 2506 182 pſonas que ſe lo pidierẽ: ⁊ que los ꝺichos alcaldes mayoꝛes les cõ⸗

1075 2246 924 138 pelan ⁊ apꝛemien a ello.

1118 2333 2482 235 ¶Anſi meſmo mandamos que en

467 2375 575 189 Que ayua una ar⸗

462 2526 561 165 ca cõ dos llaues

1108 2512 2487 174 cada audiencia ꝺelos ꝺichos adelantamientos aya una arca en

1088 2620 2509 157 que ſe guarden los libꝛos ⁊ pꝛouiſſiones que ouiere en las ꝺichas

1091 2711 2493 176 audiencias con ꝺos llaues: y que la una tenga el alcade mayoꝛ / y

1088 2828 2515 153 la otra el eſcriuano ꝺe ſu audiencia: ⁊ anſi meſmo mandamos que

1091 2912 2515 167 al tiempo que eſpirare el officio ꝺe qualquier alcalde mayor entre⸗

1091 3022 2515 161 gue al que le fuere a tomar refidẽcia todos los ꝺichos libꝛos y eſcri

1097 3123 2497 170 pturas poꝛ inuentario: ⁊ los repoſteros y tapices y albombꝛas y

1094 3214 2512 163 meſas y fillas ⁊ todas las otras coſas que traben en ſus audiẽcias

1069 3315 2544 157 y lo que faltare lo pague ꝺe ſu hazienda y que aya un libꝛo ꝺe inuẽ

1088 3421 2528 167 tario ꝺe todas las ꝺichas prouifiones y eſcripturas poꝛ ꝺonde ſe ꝺe

1106 3550 623 135 la ꝺicha cuenta.

1113 3624 2525 278 ¶ Y poꝛque ſomos ifoꝛmados que

495 3718 580 175 Que den fian⸗

500 3850 599 132 ças vezinos de

1137 3808 2482 174 poꝛ no auer ꝺado los alcaldes mayores que han ſido haſta aquien

495 3954 604 156 los adelãtamien⸗

1137 3921 2472 179 los ꝺichos adelantamientos las fianças que ſon obligados a ꝺar

509 4075 163 129 tos.

1122 4040 2509 145 al tiempo que ſon reſcebidos a los officios en las ciudades que ſon

1116 4132 2528 160 cabeças ꝺe ſus partidos los que les piden al tiempo ꝺela reſidẽcia

1119 4238 2506 148 no pueden alcançar tan facilmente juſticia ꝺe los tales fiadoꝛes poꝛ

1119 4333 2506 150 no fer ꝺe la juriſdicion ꝺelos ꝺichos adelantamiẽtos mandamos q̃

1125 4443 2503 147 ꝺe aqui adelante quãdo ouieren ꝺe fer reſcebidos a los officios los

1122 4543 2525 164 ꝺichos alcaldes mayoꝛ las fiãças que ꝺieren ſeã ꝺe vezinos ꝺel

1091 4647 2578 163 lugar que ſea ſubjecto a la juriſdicion ꝺel alcalde mayoꝛ ꝺel adelan⸗

1119 4757 2516 148 tamiento ꝺe aquel partido: poꝛque los q̃ ꝺellos ouire querelloſos

1122 4842 2500 179 alcãcen cõ mas bꝛeuedad juſticia ꝺelos ꝺichos alcaldes mayoꝛes.

1519 5458 887 188 UVA. BHSC. SC 12437 (03)
