2480 3508
382.0 454.0 1663.0 117.0 Oꝛdenãças ꝑa los adelãtamiẽtos ꝺe Castillay Leõ.Fo ii.

1152.0 545.0 598.0 119.0 On Carlos poꝛ

1160.0 652.0 588.0 67.0 la diuina clemẽcia Emperadoꝛ

1160.0 701.0 588.0 72.0 ſemper Auguſto / Rey ꝺe Ale⸗

1160.0 756.0 592.0 62.0 mania. Doña Joanna ſu ma⸗

1162.0 804.0 588.0 69.0 dre y el miſmo ꝺon Carlos:poꝛ

1162.0 849.0 588.0 70.0 la gracia ꝺe ꝺios reyes ꝺe Caſti

1162.0 898.0 588.0 70.0 lla/ꝺe Leon/ꝺe Aragon/ ꝺe las

1163.0 947.0 585.0 70.0 ꝺos Secilias/ ꝺe Hieruſalem/

1162.0 1003.0 590.0 64.0 ꝺe Nauarra/ ꝺe Gꝛanada/ ꝺe

1165.0 1052.0 589.0 66.0 Toledo/ ꝺe Valencia/ ꝺe: Gali⸗

1163.0 1103.0 587.0 68.0 zia/ ꝺe Malloꝛcas/ ꝺe Seuilla⸗

1162.0 1145.0 594.0 71.0 ꝺe Cerdeña/ ꝺe Coꝛdoua/ ꝺe

1163.0 1204.0 589.0 60.0 Coꝛcega/ ꝺe Murcia/ ꝺe Jaẽ⸗

1165.0 1247.0 587.0 68.0 ꝺe los Algarues/ ꝺe Algezira⸗

1165.0 1296.0 595.0 70.0 ꝺe Gibꝛaltar/ ꝺe las yſlas ꝺe

382.0 1340.0 1378.0 84.0 Canaria/Indias yſlas y tierra firme ꝺel mar Oceano . Cõdes ꝺe flan⸗

386.0 1395.0 1376.0 80.0 des/ ⁊ Tirol.⁊c. A los ꝺel nueſtro cõſejo p̉̃ſidẽtes ⁊ oydoꝛes ꝺe las nras au⸗

384.0 1446.0 1380.0 87.0 diencias/ alcaldes y alguaziles ꝺe la nueſtra caſa y coꝛte ⁊ chancillerias:

384.0 1500.0 1378.0 72.0 ⁊ alos nueſtros alcaldes mayoꝛes ꝺel adelantamiento ꝺe caſtilla en los

384.0 1549.0 1378.0 82.0 partidos ꝺe Burgos ⁊ Palencia/ y ꝺel adelantamiento ꝺe Leon:aſſi alos

382.0 1598.0 1380.0 74.0 que agoꝛa ſon como a los que ſerã ꝺe aqui adelante : ⁊ a otras qualeſquier

384.0 1646.0 1384.0 82.0 perſonas a quien lo ꝺe yuſo en eſta nueſtra carta contenido toca ⁊ atañe:

391.0 1695.0 1375.0 74.0 ⁊ acada vno ⁊ qualquier ꝺe vos a quien eſta nueſtra carta fuere moſtrada

391.0 1744.0 1377.0 74.0 o ſu traſlado ſignado ꝺe eſcriuano publico:ſalud ⁊ gracia ſepades que nos

393.0 1791.0 1373.0 76.0 yiendo que anſi cumplia a nueſtro ſeruicio ⁊ a la execucion ꝺe la nueſtra

391.0 1830.0 1398.0 99.0 juſticia ⁊ al ꝺeſcargo ꝺe nueſtra real cõciencia mandamos al ꝺoctoꝛ Moz.

397.0 1892.0 1369.0 88.0 ra oydoꝛ ꝺe la nueſtra audiencia ⁊ chancilleria que eſta y reſide enla villa

394.0 1929.0 1395.0 93.0 ꝺe Valladolid que ſueſſe a viſitar los ꝺichos tres adelantamiẽtos ꝺe Pa⸗

394.0 1984.0 1395.0 91.0 lẽcia/ ⁊ Burgos/ ⁊ Leon/ ⁊ las audiẽcias ⁊ officiales ꝺe los alcaldes mayo

397.0 2034.0 1392.0 88.0 es ꝺellos :el qualbizo la ꝺicha viſita ⁊ la truxo ante los ꝺelnr̃o conſejo ⁊ poꝛ

388.0 2081.0 1401.0 88.0 ellos viſta ⁊ comigo conſultado las coſas que alpꝛeſente pareſcio que cõue

403.0 2128.0 1386.0 93.0 nia pꝛoueer para la buena y bꝛeue expedicion ꝺe los negocios⁊ adminiſtra

400.0 2183.0 1389.0 85.0 cion ꝺe la justicia/⁊ para el bien ꝺe nueſtros ſubditos ⁊ naturales ſonlas

405.0 2254.0 252.0 78.0 ſiguientes.

754.0 2344.0 975.0 123.0 rimeramente poꝛq̃ ſomos

752.0 2451.0 983.0 65.0 inſoꝛmados que poꝛ no auer el recado que conuiene

748 2496 992 79 en la guarda ꝺe los poderes/ ⁊ inſtruciones/ y otras

777 2543 963 82 prouiſiones que mandamos ꝺar para los ꝺichos al⸗

499.0 2605.0 1234.0 61.0 caldes mayoꝛes ſe pierden y encubꝛen muchas ꝺellas ꝺe que los

504.0 2648.0 1231.0 96.0 yaſſallos ꝺe los ꝺichos adelantamientos reſciben ꝺaño/ ⁊ muchas

1551 2701 106 93 A ij
