2480 3508
382 454 1663 117 Oꝛdenãças ꝑa los adelãtamiẽtos ꝺe Castillay Leõ.⁊e.

1152 545 598 119 On Carlos poꝛ

1160 652 588 67 la diuina clemẽcia Emperadoꝛ

1160 701 588 72 ſemper Auguſto / Rey ꝺe Ale⸗

1160 756 592 62 mania. Doña Joanna ſu ma⸗

1162 804 588 69 dre y el miſmo ꝺon Carlos:poꝛ

1162 849 588 70 la gracia ꝺe ꝺios reyes ꝺe Caſti

1162 898 588 70 lla/ꝺe Leon/ꝺe Aragon/ ꝺe las

1163 947 585 70 ꝺos Secilias/ ꝺe Hieruſalem/

1162 1003 590 64 ꝺe Nauarra/ ꝺe Gꝛanada/ ꝺe

1165 1052 589 66 Toledo/ ꝺe Valencia/ ꝺe: Gali⸗

1163 1103 587 68 zia/ ꝺe Malloꝛcas/ ꝺe Seuilla⸗

1162 1145 594 71 ꝺe Cerdeña/ ꝺe Coꝛdoua/ ꝺe

1163 1204 589 60 Coꝛcega/ ꝺe Murcia/ ꝺe Jaẽ⸗

1165 1247 587 68 ꝺe los Algarues/ ꝺe Algezira⸗

1165 1296 595 70 ꝺe Gibꝛaltar/ ꝺe las yſlas ꝺe

382 1340 1378 84 Canaria/Indias yſlas y tierra firme ꝺel mar Oceano . Cõdes ꝺe flan⸗

386 1395 1376 80 des/ ⁊ Tirol.⁊c. A los ꝺel nueſtro cõſejo p̉̃ſidẽtes ⁊ oydoꝛes ꝺe las nras au⸗

384 1446 1380 87 diencias/ alcaldes y alguaziles ꝺe la nueſtra caſa y coꝛte ⁊ chancillerias:

384 1500 1378 72 ⁊ alos nueſtros alcaldes mayoꝛes ꝺel adelantamiento ꝺe caſtilla en los

384 1549 1378 82 partidos ꝺe Burgos ⁊ Palencia/ y ꝺel adelantamiento ꝺe Leon:aſſi alos

382 1598 1380 74 que agoꝛa ſon como a los que ſerã ꝺe aqui adelante : ⁊ a otras qualeſquier

384 1646 1384 82 perſonas a quien lo ꝺe yuſo en eſta nueſtra carta contenido toca ⁊ atañe:

391 1695 1375 74 ⁊ acada vno ⁊ qualquier ꝺe vos a quien eſta nueſtra carta fuere moſtrada

391 1744 1377 74 o ſu traſlado ſignado ꝺe eſcriuano publico:ſalud ⁊ gracia ſepades que nos

393 1791 1373 76 yiendo que anſi cumplia a nueſtro ſeruicio ⁊ a la execucion ꝺe la nueſtra

391 1830 1398 99 juſticia ⁊ al ꝺeſcargo ꝺe nueſtra real cõciencia mandamos al ꝺoctoꝛ Moz.

397 1892 1369 88 ra oydoꝛ ꝺe la nueſtra audiencia ⁊ chancilleria que eſta y reſide enla villa

394 1929 1395 93 ꝺe Valladolid que ſueſſe a viſitar los ꝺichos tres adelantamiẽtos ꝺe Pa⸗

394 1984 1395 91 lẽcia/ ⁊ Burgos/ ⁊ Leon/ ⁊ las audiẽcias ⁊ officiales ꝺe los alcaldes mayo

397 2034 1392 88 es ꝺellos :el qualbizo la ꝺicha viſita ⁊ la truxo ante los ꝺelnr̃o conſejo ⁊ poꝛ

388 2081 1401 88 ellos viſta ⁊ comigo conſultado las coſas que alpꝛeſente pareſcio que cõue

403 2128 1386 93 nia pꝛoueer para la buena y bꝛeue expedicion ꝺe los negocios⁊ adminiſtra

400 2183 1389 85 cion ꝺe la justicia/⁊ para el bien ꝺe nueſtros ſubditos ⁊ naturales ſonlas

405 2254 252 78 ſiguientes.

754 2344 975 123 rimeramente poꝛq̃ ſomos

752 2451 983 65 inſoꝛmados que poꝛ no auer el recado que conuiene

748 2490 1041 85 en la guarda ꝺe los poderes/ ⁊ inſtruciones/ y otras

777 2537 1050 88 prouiſiones que mandamos ꝺar para los ꝺichos al⸗

499 2605 1234 61 caldes mayoꝛes ſe pierden y encubꝛen muchas ꝺellas ꝺe que los

504 2648 1231 96 yaſſallos ꝺe los ꝺichos adelantamientos reſciben ꝺaño/ ⁊ muchas
