713 1113
41.0 69.0 545.0 33.0 que voſotros a pedimiẽto ꝺe algunas perſonas aueys ꝺado algu⸗

40.0 90.0 548.0 33.0 nas cartas contra otrospara que ſe hagan alli los juramentos que

40.0 110.0 548.0 37.0 aſſi ſoliã fazer ſobꝛe pleylos ꝺe haziẽla. E aueys pueſto ſobꝛe ellos

42.0 133.0 546.0 35.0 penas al vicario ⁊ canonigos/para que lo conſientan fazer.E nos ſu

43.0 155.0 542.0 37.0 plico y pidio poꝛ merced que ſobꝛe ellopꝛoueyeſſemos mandando q̃

42.0 179.0 546.0 34.0 no ſe hagan los tales juramentos/pues que la ꝺeſcomunion que el

43.0 200.0 545.0 36.0 puſo era confoꝛme a ꝺerecho ⁊ buena conciencia o como la nr̃a mer⸗

43.0 223.0 543.0 35.0 ced fueſſe. Lo qual viſto enelnr̃o conſejo y con nos conſultado toui⸗

44.0 244.0 545.0 36.0 mos lo poꝛ bien. Poꝛende nos vos mandamos que no ꝺeys ni libꝛe

48.0 267.0 544.0 37.0 ys nr̃as cartasni mãdamiẽlos ꝑa que enelꝺicho moneſterio ꝺe ſan

48.0 291.0 543.0 35.0 Iſidro ſobꝛe el arca ꝺel cuerpo ſancto ſe haganningunos juramen⸗

47.0 311.0 545.0 37.0 tos ſobꝛe ningunos pleytos ni ꝺebates, pues eſta ꝺeſſendido poꝛel ꝺi

47.0 335.0 544.0 34.0 cho alminiſtradoꝛ con pena ꝺe excomuniõ. E ſi algunas nr̃as car⸗

47.0 356.0 545.0 38.0 tas aueys ꝺado ſobꝛe ello contra el Uicario y canonigos ꝺel ꝺicho

47.0 379.0 545.0 35.0 moneſterio que no ayan auiclo eſſeto/ las reuoqueys y mandeys q̃

48.0 401.0 546.0 35.0 poꝛ virtulꝺellas noſe hagan los ꝺichos juramentos .E no fagades

48.0 422.0 545.0 38.0 encle al.Dela villa ꝺe ocaña a veynte y quatroꝺias ꝺel mes ꝺe No⸗

48.0 447.0 547.0 35.0 uiẽbꝛe ꝺe nouẽta y ocho años. yo el rey. yo la reyna. Poꝛ mandado

50.0 468.0 546.0 37.0 ꝺel ſe y yꝺela ſeyna.Gaſpar ꝺe gucio. E agoꝛa poꝛ parte ꝺe ꝺoña

50.0 490.0 547.0 35.0 Catalina ꝺe velada muger que fue ꝺe Sancho ſanchez ya ꝺefunto

50.0 511.0 547.0 39.0 nos fue fecha relacion ꝺiziẽdo,que Sancho ſanchez tenia pleyto pẽ

51.0 534.0 548.0 35.0 diente ante voſotros con Payo ꝺe ribera/y con Pero afan y con

52.0 555.0 547.0 40.0 otros ſus hermanos,ſobꝛe el mayoꝛazgo ꝺelas villas ꝺe ſan romã

56.0 578.0 543.0 37.0 ⁊ villa nueua,⁊ſobꝛe otros heredamiẽtos. Enel qual ꝺicho pleyto

54.0 599.0 546.0 38.0 ꝺiz que poꝛ voſotros fue ꝺada ſentencia en fauoꝛ ꝺel ꝺicho Sancho

53.0 619.0 547.0 40.0 ſanchez,⁊ ꝺiz que ꝺeſpues ꝺela muerte ꝺel ꝺicho Sancho ſanchez:

55.0 643.0 547.0 37.0 Gomez ꝺe auila ſu hijo ſubcedio en ſus bienes y mayoꝛazgo enel ꝺi

55.0 664.0 546.0 39.0 cho pleyto. el qual ꝺiz que eſta cõcluſo en grado ꝺe ſuplicaciõ . E ꝺiz

56.0 688.0 546.0 38.0 que agoꝛa los ꝺichos Payo ꝺe ribera y pero afan ⁊ los otros ſus

56.0 708.0 547.0 42.0 conſoꝛtes poꝛ la fatigar anpedido que ella y algũos criados ꝺel ꝺi

56.0 732.0 545.0 39.0 cho Sancho ſanchez juren enel ſepulcro ꝺe ſan Uicente ꝺe Auila y

58.0 753.0 545.0 39.0 que ꝺeclaren todas las eſcripturas que q̃daron ꝺel ꝺicho Sancho

57.0 777.0 545.0 38.0 ſanchez rocantes alos ꝺichos bienes. E ꝺiz que voſotros lo aueys

58.0 799.0 544.0 36.0 mandado aſſi y aueys ꝺaclo nr̃a carta paraello con grandes penas

60.0 821.0 543.0 40.0 yendo ⁊ paſſando contra lo contenido enla ꝺicha nr̃a  cedula, ꝺelo q̈l

60.0 844.0 543.0 37.0 ꝺiz que ella reſcibe mucho agrauio ⁊ ꝺaño poꝛ ciertas razones que

60.0 867.0 544.0 35.0 ꝺixo ⁊ alego en vna peticiõ que ante nos enel nr̃o conſejo pꝛeſento.

60.0 888.0 544.0 40.0 E nos fue ſuplicado ⁊ pedido por merced cerca ꝺello mandaſſemos

61.0 910.0 544.0 39.0 pꝛoueer, mandando vos que ꝺieſſedespor ninguno ⁊  reuocaſſedes

61.0 934.0 543.0 38.0 el ꝺicho mandamiēto ⁊ pꝛouiſſion que ⁊ cõtra ello ⁊ cõtra los ꝺichos

61.0 954.0 543.0 52.0 ſus criados auiades ꝺado ⁊ mandado que ella ni alguno ꝺellos no

414.0 22.0 161.0 43.0 Folio. viij.
