3162 4229
916 422 2104 113 vn tocino / ⁊ lo meſmo yn muchacho bien ꝺiſpueſto en

921 514 2099 122 treciento/ oꝺozientos eſcogido poꝛ otro tanto. y a⸗

921 608 2104 134 caeſcio ꝺar yn muchacho que pareſcia hijo ꝺe yn pꝛin⸗

926 704 2101 134 cipe poꝛ yn quelo:⁊ cient perſonas poꝛ yn cauallo. En⸗

930 801 2105 119 eſtas obꝛas eſtuuo ꝺeſele el año ꝺe veynte y leys haſta

933 895 2104 122 el año ꝺe treynta y tres que fueron ſiete años: aſſolan

938 991 2104 124 do y ꝺeſpoblando aquellas tierras ⁊ matando ſin pie⸗

940 1087 2102 132 dal aquellas gentes/haſta que oyeron alli las nueuas

940 1181 2099 125 ꝺelas riquezas ꝺel Peru: que ſe le fue la gente eſpaño⸗

942 1285 2095 124 la que tenia: y ceſſo poꝛ algunos ꝺias aquel inſierno:

947 1374 2090 127 pero ꝺeſpues toꝛnaron ſus miniſtros ahazer otras grã

952 1470 2083 120 des maldades : robos y captiuerios y offenſas gran⸗

952 1569 2090 115 des ꝺe ꝺios: ⁊ oy no ceſſan ꝺe hazerlas/⁊ quaſi tienen

952 1656 2097 134 ꝺeſpobladas todas aquellas trezientas leguas/ que eſ

956 1757 1714 117 tauan (como ſe ꝺixo) tan llenas y pobladas.

963 1846 2079 129 ¶Ho baſtaria a creer nadie ni tãpoco a ꝺ̉zirſe los par

956 1945 2093 136 ticulares caſos ꝺe crueldades q̃ alli ſe han hecho : ſolo

959 2041 2097 118 ꝺire ꝺos/o tres que me ocurrẽ. Como andauan los triſ

966 2145 2085 112 tes eſpañoles con perros bꝛauos buſcando ⁊ aperrean

963 2220 2083 145 do los yndios/mugeres y hombres : una yndia enfer⸗

968 2321 2085 129 ma viendo que no podia huyꝛ  ꝺelos perros que no la

963 2422 2093 131 hizieſſen pedaços/como hazian alos otros : tomo una

968 2518 2090 134 ſoga y atoſe al pie un niño que tenian ꝺe un año y ahoꝛ

968 2610 2085 138 coſe ꝺe una yiga: ⁊ no lo hizo tan pꝛeſto que no llegar õ

970 2715 2090 127 los perros ⁊ ꝺeſpedaçaron el niño aunque antes que

973 2809 1497 123 acabaſſe ꝺe moꝛir lo baptizo vn frayle.

980 2892 2085 136 ¶Quando ſe ſalian los eſpañoles ꝺe aquel reyno/ꝺi

975 3007 2092 122 xo uno a vn hijo ꝺe vn ſeñoꝛ ꝺe cierto pueblo/ o pꝛouin

973 3089 2085 134 cia que ſe fueſſe conel:ꝺixo el niño que no queria ꝺexar

975 3190 2083 127 ſu tierra. Reſponde el eſpañol vete com igo ſino coꝛtar

980 3284 2085 127 te he las oꝛejas : ꝺize el muchac ho que no. S aca yn pu⸗

982 3376 2090 127 ñal ⁊ coꝛtale una oꝛeja y ꝺeſpues la otra. Y ꝺiziendo le

980 3474 2092 127 el muchacho que no queria ꝺexar ſu tierra coꝛtale las

980 3575 2010 160 narizes:riendo y como ſi le ꝺiera vn repelon no mas.
