3029 4229
44 432 2075 129 los que auian ſufrido con tolerancia la pꝛiſion/no me

35 521 2086 129 nos injuſta ꝺe ſu vniuerſal ſeñoꝛ poꝛque elmeſmo ſe⸗

32 613 2082 138 lo mandaua: que no acometieſſen ni guerreaſſen a los

32 709 2082 129 chꝛiſtianos:entonces ponẽſe en armas toda la ciudad

37 808 2075 120 y vienen ſobꝛellos y heridos muchos ꝺe los eſpañoles

30 906 2080 125 apenas ſe pudieron eſcapar. Ponen vn puñal alos pe⸗

30 1000 2082 127 chos al pꝛeſo Motençuma/que ſe puſieſſe a los coꝛredo

35 1099 2077 110 res y mandaſſe que los indios no combatieſſen la caſa:

32 1195 2082 108 ſino que ſe puſieſſen en paz. Ellos no curaron entõces

30 1285 2084 127 ꝺe obedecelle en nada :antes platicauan ꝺe elegir otro

32 1376 2082 137 ſeñoꝛ y capitan que guiaſſe ſus batallas. Y poꝛque ya

32 1470 2082 129 boluia el capitan que auia ydo al puerto con victoꝛia

42 1574 2070 110 y traya muchos mas chꝛiſtianos y venia cerca:ceſſarõ

32 1665 2085 118 el combate obꝛa d̉ tres/o quatro ꝺias: haſta que entro

35 1759 2084 118 en la ciudad. El entrado: ayuntada ynfinita gẽte ꝺe to

35 1853 2082 129 da la tierra: combatẽ a todos juntos ꝺe talmanera y tã

35 1952 2086 115 tos ꝺias: que temiẽdo todos moꝛir: acoꝛdaron vna no

37 2044 2080 129 che ſalir ſe ꝺ̉la ciudad. Sabido poꝛ los yndios matarõ

44 2142 2080 127 gran cantidad ꝺ̉ chꝛiſtianos en las puentes ꝺe la lagu

35 2241 2082 124 na con juſtiſſima y ſancta guerra: poꝛ las cauſas juſtiſ⸗

32 2330 2101 132 ſimas q̃ tuuierõ como ꝺicho es. Las quales qualquie

35 2434 2084 124 ra que fuere hombꝛe razonable y juſto las juſtificara.

39 2520 2089 123 Suſcedio ꝺeſpues el combate ꝺ̉ la ciudad refoꝛmados

37 2614 2096 130 los chꝛiſtianos: ꝺonde hizieron eſtragos en los yndi⸗

39 2713 2085 120 os admirables y eſtraños/ matando ynfinitas gentes

51 2812 1828 120 y quemando biuos muchos y grandes ſeñoꝛes.

58 2906 2068 129 ¶Deſpues ꝺelas tiranias grandiſſimas y abomina

39 3004 2087 125 bles que eſtos hizieron en la ciudad ꝺe Mexico y en

37 3101 2087 122 las ciudades y tierra mucha (que poꝛ aquellos alder⸗

37 3188 2084 131 redoꝛes ꝺiez y quinze y veynte leguas ꝺe Mexico : ꝺõ

37 3286 2089 130 de fueron muertas ynfinitas gentes)paſſo adelante eſ

39 3390 2075 124 ta ſu tiranica peſtilencia y fue a cundir ⁊ ynficionar y

42 3484 2086 122 aſſolar ala pꝛouincia ꝺe Panuco: que era vna coſa ad⸗

37 3573 2087 179 mirable la multitud ꝺ̇ las gentes que tenia y los eſtra⸗

1724 3679 205 155 e iij
